{
  "candidates": [],
  "stats": {
    "total": 1029,
    "loaded": 1029,
    "passed_pipeline": 33,
    "trigger_impulse": 0,
    "trigger_confirm": 0,
    "grade_A": 1,
    "grade_B": 32,
    "grade_C": 0,
    "after_grade_filter": 33,
    "blacklisted": 0,
    "scan_sec": 63.3,
    "v9_killed": 33,
    "v9_survivors": 0,
    "v9_killed_list": [
      {
        "ticker": "001780",
        "name": "알루코",
        "grade": "B",
        "zone_score": 0.5063,
        "trigger_type": "T2_Volume_RSI",
        "confidence": 1.0,
        "entry_price": 2240,
        "stop_loss": 2091,
        "target_price": 2499,
        "risk_reward": 1.75,
        "rsi": 47.76316557319593,
        "adx": 19.869960686000393,
        "plus_di": 15.822648018796873,
        "minus_di": 22.94478251713709,
        "vol_surge": 0.5170529012662103,
        "obv_trend": "up",
        "foreign_streak": 0,
        "inst_streak": 0,
        "foreign_amount_5d": 0,
        "inst_amount_5d": 0,
        "foreign_net_5d": 0.0,
        "short_balance_chg_5d": 0.0,
        "consensus": null,
        "avg_trading_value_20d": 2841727203.75,
        "pct_of_52w_high": 0.8280961182994455,
        "trix": 0.2792248054410251,
        "trix_signal": 0.3058105251218539,
        "slope_ma60": 2.85044314613887,
        "above_ma60": true,
        "above_ma120": true,
        "drawdown_from_high": -17.19038817005545,
        "vol_contraction": 0.6002796881656215,
        "per": 0.0,
        "pbr": 0.0,
        "trix_counter": -2,
        "market_signals": [],
        "scores": {
          "consensus": 12,
          "consensus_detail": {
            "verdict": "GROWING",
            "op_yoy": 3.0,
            "opm_trend": 0.3,
            "holding_co": false,
            "detail": "YoY 개선 (+3.0%)"
          }
        },
        "earnings_momentum": {
          "verdict": "GROWING",
          "score": 12,
          "op_yoy_pct": 3.0,
          "net_yoy_pct": -21.2,
          "opm_trend": 0.3,
          "is_holding_co": false,
          "quarters": [
            {
              "period": "2023Q4",
              "revenue": 737.0,
              "op_income": -1.8,
              "net_income": -46.4,
              "opm": -0.2
            },
            {
              "period": "2024Q1",
              "revenue": 708.8,
              "op_income": 4.3,
              "net_income": 22.0,
              "opm": 0.6
            },
            {
              "period": "2024Q2",
              "revenue": 773.6,
              "op_income": 9.4,
              "net_income": 24.6,
              "opm": 1.2
            },
            {
              "period": "2024Q3",
              "revenue": 706.8,
              "op_income": 6.7,
              "net_income": -32.6,
              "opm": 0.9
            },
            {
              "period": "2024Q4",
              "revenue": 784.3,
              "op_income": 3.1,
              "net_income": 59.8,
              "opm": 0.4
            },
            {
              "period": "2025Q1",
              "revenue": 815.7,
              "op_income": 3.5,
              "net_income": 2.5,
              "opm": 0.4
            },
            {
              "period": "2025Q2",
              "revenue": 673.4,
              "op_income": 4.7,
              "net_income": -52.5,
              "opm": 0.7
            },
            {
              "period": "2025Q3",
              "revenue": 527.1,
              "op_income": 6.9,
              "net_income": 25.7,
              "opm": 1.3
            }
          ],
          "detail": "YoY 개선 (+3.0%)"
        },
        "market_cap": 0,
        "news_data": null,
        "freshness_mult": 0.0,
        "v9_kill_reasons": [
          "K4:유동성(28억<50억)",
          "K6:저가주(2240원<5,000원)",
          "K8:TRIX_DC(-2일차)"
        ]
      },
      {
        "ticker": "012450",
        "name": "한화에어로스페이스",
        "grade": "B",
        "zone_score": 0.5835,
        "trigger_type": "T2_Volume_RSI",
        "confidence": 1.0,
        "entry_price": 1195000,
        "stop_loss": 1079798,
        "target_price": 1396602,
        "risk_reward": 1.75,
        "rsi": 50.33134088983148,
        "adx": 18.733955598885846,
        "plus_di": 27.868324870949902,
        "minus_di": 21.818658118002798,
        "vol_surge": 1.2582706005717819,
        "obv_trend": "down",
        "foreign_streak": 0,
        "inst_streak": 0,
        "foreign_amount_5d": 0,
        "inst_amount_5d": 0,
        "foreign_net_5d": -39323824000.0,
        "short_balance_chg_5d": 0.0,
        "consensus": null,
        "avg_trading_value_20d": 307707815450.0,
        "pct_of_52w_high": 0.8547925608011445,
        "trix": -0.03738974627223168,
        "trix_signal": 0.1171341717240629,
        "slope_ma60": 4.5303832174966585,
        "above_ma60": true,
        "above_ma120": true,
        "drawdown_from_high": -14.520743919885549,
        "vol_contraction": 0.8141460647338737,
        "per": 0.0,
        "pbr": 0.0,
        "trix_counter": -20,
        "market_signals": [],
        "scores": {
          "consensus": 16,
          "consensus_detail": {
            "verdict": "ACCELERATING",
            "op_yoy": 34.3,
            "opm_trend": 0.66,
            "holding_co": false,
            "detail": "2분기 연속 YoY 성장 (최근 +34.3%)"
          }
        },
        "earnings_momentum": {
          "verdict": "ACCELERATING",
          "score": 16,
          "op_yoy_pct": 34.3,
          "net_yoy_pct": 7.3,
          "opm_trend": 0.66,
          "is_holding_co": false,
          "quarters": [
            {
              "period": "2023Q4",
              "revenue": 22399.9,
              "op_income": 2976.0,
              "net_income": 1814.5,
              "opm": 13.3
            },
            {
              "period": "2024Q1",
              "revenue": 8651.7,
              "op_income": 21.4,
              "net_income": 121.2,
              "opm": 0.2
            },
            {
              "period": "2024Q2",
              "revenue": 15471.0,
              "op_income": 2693.5,
              "net_income": 1387.3,
              "opm": 17.4
            },
            {
              "period": "2024Q3",
              "revenue": 18615.0,
              "op_income": 4235.3,
              "net_income": 3233.1,
              "opm": 22.8
            },
            {
              "period": "2024Q4",
              "revenue": 36613.3,
              "op_income": 8046.8,
              "net_income": 5638.8,
              "opm": 22.0
            },
            {
              "period": "2025Q1",
              "revenue": 14747.2,
              "op_income": 3020.3,
              "net_income": 4390.2,
              "opm": 20.5
            },
            {
              "period": "2025Q2",
              "revenue": 20880.9,
              "op_income": 4990.4,
              "net_income": 1424.4,
              "opm": 23.9
            },
            {
              "period": "2025Q3",
              "revenue": 24674.9,
              "op_income": 5686.6,
              "net_income": 3469.6,
              "opm": 23.0
            }
          ],
          "detail": "2분기 연속 YoY 성장 (최근 +34.3%)"
        },
        "market_cap": 0,
        "news_data": null,
        "freshness_mult": 0.0,
        "v9_kill_reasons": [
          "K8:TRIX_DC(-20일차)"
        ]
      },
      {
        "ticker": "022100",
        "name": "포스코DX",
        "grade": "B",
        "zone_score": 0.5717,
        "trigger_type": "T2_Volume_RSI",
        "confidence": 1.0,
        "entry_price": 39300,
        "stop_loss": 35959,
        "target_price": 45145,
        "risk_reward": 1.75,
        "rsi": 55.5127794508633,
        "adx": 25.052427783193046,
        "plus_di": 26.91437359509388,
        "minus_di": 17.184694386399997,
        "vol_surge": 0.5503211007692368,
        "obv_trend": "down",
        "foreign_streak": 0,
        "inst_streak": 0,
        "foreign_amount_5d": 0,
        "inst_amount_5d": 0,
        "foreign_net_5d": 4221728800.0,
        "short_balance_chg_5d": 0.0,
        "consensus": null,
        "avg_trading_value_20d": 35914948650.0,
        "pct_of_52w_high": 0.8618421052631579,
        "trix": 0.2984065083727394,
        "trix_signal": 0.5371631503405719,
        "slope_ma60": 7.454964615054682,
        "above_ma60": true,
        "above_ma120": true,
        "drawdown_from_high": -13.815789473684214,
        "vol_contraction": 0.6216516149055501,
        "per": 0.0,
        "pbr": 0.0,
        "trix_counter": -16,
        "market_signals": [],
        "scores": {
          "consensus": 8,
          "consensus_detail": {
            "verdict": "STABLE",
            "op_yoy": -9.7,
            "opm_trend": 0.17,
            "holding_co": false,
            "detail": "흑자 유지, YoY 소폭 변동 (-9.7%)"
          }
        },
        "earnings_momentum": {
          "verdict": "STABLE",
          "score": 8,
          "op_yoy_pct": -9.7,
          "net_yoy_pct": -11.5,
          "opm_trend": 0.17,
          "is_holding_co": false,
          "quarters": [
            {
              "period": "2023Q3",
              "revenue": 3459.1,
              "op_income": 322.5,
              "net_income": 259.3,
              "opm": 9.3
            },
            {
              "period": "2023Q4",
              "revenue": 3477.9,
              "op_income": 150.5,
              "net_income": 129.6,
              "opm": 4.3
            },
            {
              "period": "2024Q1",
              "revenue": 4326.2,
              "op_income": 346.0,
              "net_income": 254.6,
              "opm": 8.0
            },
            {
              "period": "2024Q2",
              "revenue": 3436.4,
              "op_income": 235.6,
              "net_income": 200.1,
              "opm": 6.9
            },
            {
              "period": "2024Q3",
              "revenue": 3109.3,
              "op_income": 256.7,
              "net_income": 213.3,
              "opm": 8.3
            },
            {
              "period": "2024Q4",
              "revenue": 3532.0,
              "op_income": 223.4,
              "net_income": 199.6,
              "opm": 6.3
            },
            {
              "period": "2025Q2",
              "revenue": 2653.9,
              "op_income": 159.6,
              "net_income": 136.5,
              "opm": 6.0
            },
            {
              "period": "2025Q3",
              "revenue": 2388.0,
              "op_income": 212.8,
              "net_income": 177.1,
              "opm": 8.9
            }
          ],
          "detail": "흑자 유지, YoY 소폭 변동 (-9.7%)"
        },
        "market_cap": 0,
        "news_data": null,
        "freshness_mult": 0.0,
        "v9_kill_reasons": [
          "K8:TRIX_DC(-16일차)"
        ]
      },
      {
        "ticker": "024850",
        "name": "HLB이노베이션",
        "grade": "B",
        "zone_score": 0.5499,
        "trigger_type": "T2_Volume_RSI",
        "confidence": 1.0,
        "entry_price": 2640,
        "stop_loss": 2283,
        "target_price": 3264,
        "risk_reward": 1.75,
        "rsi": 43.826166577034556,
        "adx": 28.2917167812658,
        "plus_di": 15.238088449817933,
        "minus_di": 30.649688763374023,
        "vol_surge": 0.8244878689934738,
        "obv_trend": "down",
        "foreign_streak": 0,
        "inst_streak": 0,
        "foreign_amount_5d": 0,
        "inst_amount_5d": 0,
        "foreign_net_5d": 0.0,
        "short_balance_chg_5d": 0.0,
        "consensus": null,
        "avg_trading_value_20d": 5152602110.25,
        "pct_of_52w_high": 0.7927927927927928,
        "trix": 0.6673294928000839,
        "trix_signal": 1.0559676199717987,
        "slope_ma60": 9.80575385275284,
        "above_ma60": true,
        "above_ma120": true,
        "drawdown_from_high": -20.72072072072072,
        "vol_contraction": 0.591449675370586,
        "per": 0.0,
        "pbr": 0.0,
        "trix_counter": -13,
        "market_signals": [],
        "scores": {
          "consensus": 16,
          "consensus_detail": {
            "verdict": "TURNAROUND_EARLY",
            "op_yoy": -94.7,
            "opm_trend": 6.97,
            "holding_co": false,
            "detail": "소폭 흑자전환 (영업이익 -3.6→0.1억, 아직 미미)"
          }
        },
        "earnings_momentum": {
          "verdict": "TURNAROUND_EARLY",
          "score": 16,
          "op_yoy_pct": -94.7,
          "net_yoy_pct": -200.0,
          "opm_trend": 6.97,
          "is_holding_co": false,
          "quarters": [
            {
              "period": "2023Q2",
              "revenue": 68.6,
              "op_income": -4.1,
              "net_income": -3.4,
              "opm": -6.0
            },
            {
              "period": "2023Q4",
              "revenue": 70.5,
              "op_income": -3.6,
              "net_income": -5.9,
              "opm": -5.1
            },
            {
              "period": "2024Q1",
              "revenue": 61.3,
              "op_income": -2.5,
              "net_income": 1.4,
              "opm": -4.1
            },
            {
              "period": "2024Q2",
              "revenue": 62.0,
              "op_income": -1.9,
              "net_income": -2.1,
              "opm": -3.1
            },
            {
              "period": "2024Q3",
              "revenue": 57.6,
              "op_income": -9.2,
              "net_income": -32.5,
              "opm": -16.0
            },
            {
              "period": "2024Q4",
              "revenue": 72.7,
              "op_income": -19.0,
              "net_income": -4.6,
              "opm": -26.1
            },
            {
              "period": "2025Q1",
              "revenue": 75.5,
              "op_income": -3.6,
              "net_income": 0.1,
              "opm": -4.8
            },
            {
              "period": "2025Q3",
              "revenue": 75.6,
              "op_income": 0.1,
              "net_income": -2.1,
              "opm": 0.1
            }
          ],
          "detail": "소폭 흑자전환 (영업이익 -3.6→0.1억, 아직 미미)"
        },
        "market_cap": 0,
        "news_data": null,
        "freshness_mult": 0.0,
        "v9_kill_reasons": [
          "K6:저가주(2640원<5,000원)",
          "K8:TRIX_DC(-13일차)",
          "K11:폭락(-21%)"
        ]
      },
      {
        "ticker": "032350",
        "name": "롯데관광개발",
        "grade": "B",
        "zone_score": 0.5778,
        "trigger_type": "T2_Volume_RSI",
        "confidence": 1.0,
        "entry_price": 23150,
        "stop_loss": 20448,
        "target_price": 27876,
        "risk_reward": 1.75,
        "rsi": 43.95827560827952,
        "adx": 26.571110282187682,
        "plus_di": 11.497818168499593,
        "minus_di": 20.043623723252622,
        "vol_surge": 0.923928706382962,
        "obv_trend": "down",
        "foreign_streak": 0,
        "inst_streak": 0,
        "foreign_amount_5d": 0,
        "inst_amount_5d": 0,
        "foreign_net_5d": 14311521425.0,
        "short_balance_chg_5d": 0.0,
        "consensus": null,
        "avg_trading_value_20d": 24753293200.0,
        "pct_of_52w_high": 0.8357400722021661,
        "trix": 0.34387379119298345,
        "trix_signal": 0.5259531771909908,
        "slope_ma60": 2.9828876445653796,
        "above_ma60": true,
        "above_ma120": true,
        "drawdown_from_high": -16.425992779783392,
        "vol_contraction": 0.860768426885284,
        "per": 0.0,
        "pbr": 0.0,
        "trix_counter": -4,
        "market_signals": [],
        "scores": {
          "consensus": 16,
          "consensus_detail": {
            "verdict": "TURNAROUND_EARLY",
            "op_yoy": -193.0,
            "opm_trend": 5.64,
            "holding_co": false,
            "detail": "적자 30%+ 축소 (-44.8→-21.4억)"
          }
        },
        "earnings_momentum": {
          "verdict": "TURNAROUND_EARLY",
          "score": 16,
          "op_yoy_pct": -193.0,
          "net_yoy_pct": -196.0,
          "opm_trend": 5.64,
          "is_holding_co": false,
          "quarters": [
            {
              "period": "2023Q4",
              "revenue": 525.4,
              "op_income": -186.8,
              "net_income": -556.1,
              "opm": -35.6
            },
            {
              "period": "2024Q1",
              "revenue": 470.2,
              "op_income": -171.2,
              "net_income": -587.9,
              "opm": -36.4
            },
            {
              "period": "2024Q2",
              "revenue": 667.2,
              "op_income": -81.2,
              "net_income": -345.3,
              "opm": -12.2
            },
            {
              "period": "2024Q3",
              "revenue": 787.6,
              "op_income": 23.0,
              "net_income": -379.0,
              "opm": 2.9
            },
            {
              "period": "2024Q4",
              "revenue": 600.0,
              "op_income": -113.1,
              "net_income": -589.7,
              "opm": -18.9
            },
            {
              "period": "2025Q1",
              "revenue": 596.0,
              "op_income": -87.1,
              "net_income": -421.7,
              "opm": -14.6
            },
            {
              "period": "2025Q2",
              "revenue": 717.8,
              "op_income": -44.8,
              "net_income": -230.2,
              "opm": -6.2
            },
            {
              "period": "2025Q3",
              "revenue": 751.2,
              "op_income": -21.4,
              "net_income": -363.7,
              "opm": -2.8
            }
          ],
          "detail": "적자 30%+ 축소 (-44.8→-21.4억)"
        },
        "market_cap": 0,
        "news_data": null,
        "freshness_mult": 0.0,
        "v9_kill_reasons": [
          "K8:TRIX_DC(-4일차)"
        ]
      },
      {
        "ticker": "032940",
        "name": "원익",
        "grade": "B",
        "zone_score": 0.7241,
        "trigger_type": "T2_Volume_RSI",
        "confidence": 1.0,
        "entry_price": 11870,
        "stop_loss": 9787,
        "target_price": 15514,
        "risk_reward": 1.75,
        "rsi": 44.31732096981025,
        "adx": 29.51783971895935,
        "plus_di": 30.356635763281513,
        "minus_di": 20.032278629234735,
        "vol_surge": 0.5235705204262993,
        "obv_trend": "up",
        "foreign_streak": 0,
        "inst_streak": 0,
        "foreign_amount_5d": 0,
        "inst_amount_5d": 0,
        "foreign_net_5d": 0.0,
        "short_balance_chg_5d": 0.0,
        "consensus": null,
        "avg_trading_value_20d": 9321412464.0,
        "pct_of_52w_high": 0.6668539325842696,
        "trix": -0.24741642211275616,
        "trix_signal": 0.12016526994311034,
        "slope_ma60": 8.362839044989446,
        "above_ma60": true,
        "above_ma120": true,
        "drawdown_from_high": -33.31460674157304,
        "vol_contraction": 1.34846323195028,
        "per": 0.0,
        "pbr": 0.0,
        "trix_counter": -24,
        "market_signals": [],
        "scores": {
          "consensus": 18,
          "consensus_detail": {
            "verdict": "ACCELERATING",
            "op_yoy": 46.5,
            "opm_trend": 2.21,
            "holding_co": false,
            "detail": "2분기 연속 YoY 성장 (최근 +46.5%)"
          }
        },
        "earnings_momentum": {
          "verdict": "ACCELERATING",
          "score": 18,
          "op_yoy_pct": 46.5,
          "net_yoy_pct": 129.9,
          "opm_trend": 2.21,
          "is_holding_co": false,
          "quarters": [
            {
              "period": "2023Q4",
              "revenue": 149.9,
              "op_income": 11.8,
              "net_income": 1.6,
              "opm": 7.9
            },
            {
              "period": "2024Q1",
              "revenue": 138.1,
              "op_income": 16.3,
              "net_income": 9.5,
              "opm": 11.8
            },
            {
              "period": "2024Q2",
              "revenue": 142.5,
              "op_income": 18.2,
              "net_income": 11.8,
              "opm": 12.8
            },
            {
              "period": "2024Q3",
              "revenue": 135.5,
              "op_income": 17.2,
              "net_income": 6.7,
              "opm": 12.7
            },
            {
              "period": "2024Q4",
              "revenue": 156.7,
              "op_income": 12.4,
              "net_income": 13.8,
              "opm": 7.9
            },
            {
              "period": "2025Q1",
              "revenue": 152.6,
              "op_income": 20.7,
              "net_income": 13.5,
              "opm": 13.6
            },
            {
              "period": "2025Q2",
              "revenue": 140.1,
              "op_income": 20.9,
              "net_income": 14.4,
              "opm": 14.9
            },
            {
              "period": "2025Q3",
              "revenue": 170.1,
              "op_income": 25.2,
              "net_income": 15.4,
              "opm": 14.8
            }
          ],
          "detail": "2분기 연속 YoY 성장 (최근 +46.5%)"
        },
        "market_cap": 0,
        "news_data": null,
        "freshness_mult": 0.0,
        "v9_kill_reasons": [
          "K8:TRIX_DC(-24일차)",
          "K11:폭락(-33%)"
        ]
      },
      {
        "ticker": "049630",
        "name": "재영솔루텍",
        "grade": "B",
        "zone_score": 0.7059,
        "trigger_type": "T2_Volume_RSI",
        "confidence": 1.0,
        "entry_price": 4060,
        "stop_loss": 3205,
        "target_price": 5555,
        "risk_reward": 1.75,
        "rsi": 41.98460958240999,
        "adx": 25.248637096727407,
        "plus_di": 36.059783522255856,
        "minus_di": 22.859571057064535,
        "vol_surge": 0.9898599998579471,
        "obv_trend": "down",
        "foreign_streak": 0,
        "inst_streak": 0,
        "foreign_amount_5d": 0,
        "inst_amount_5d": 0,
        "foreign_net_5d": 0.0,
        "short_balance_chg_5d": 0.0,
        "consensus": null,
        "avg_trading_value_20d": 53525122093.75,
        "pct_of_52w_high": 0.5012345679012346,
        "trix": -0.887452640352715,
        "trix_signal": -0.6054844664421715,
        "slope_ma60": 10.086219290640486,
        "above_ma60": false,
        "above_ma120": true,
        "drawdown_from_high": -49.876543209876544,
        "vol_contraction": 1.2076703280722647,
        "per": 0.0,
        "pbr": 0.0,
        "trix_counter": -22,
        "market_signals": [],
        "scores": {
          "consensus": 16,
          "consensus_detail": {
            "verdict": "TURNAROUND_STRONG",
            "op_yoy": 170.0,
            "opm_trend": -9.68,
            "holding_co": false,
            "detail": "적자→흑자 전환! (영업이익 -10.4→18.9억)"
          }
        },
        "earnings_momentum": {
          "verdict": "TURNAROUND_STRONG",
          "score": 16,
          "op_yoy_pct": 170.0,
          "net_yoy_pct": -27.7,
          "opm_trend": -9.68,
          "is_holding_co": false,
          "quarters": [
            {
              "period": "2023Q4",
              "revenue": 347.2,
              "op_income": 1.4,
              "net_income": -21.8,
              "opm": 0.4
            },
            {
              "period": "2024Q1",
              "revenue": 367.1,
              "op_income": 6.0,
              "net_income": 13.6,
              "opm": 1.6
            },
            {
              "period": "2024Q2",
              "revenue": 362.7,
              "op_income": 8.9,
              "net_income": 14.5,
              "opm": 2.5
            },
            {
              "period": "2024Q3",
              "revenue": 303.2,
              "op_income": -7.0,
              "net_income": -42.6,
              "opm": -2.3
            },
            {
              "period": "2024Q4",
              "revenue": 81.0,
              "op_income": 26.8,
              "net_income": 23.4,
              "opm": 33.1
            },
            {
              "period": "2025Q1",
              "revenue": 380.5,
              "op_income": 28.2,
              "net_income": 16.2,
              "opm": 7.4
            },
            {
              "period": "2025Q2",
              "revenue": 319.2,
              "op_income": -10.4,
              "net_income": -12.4,
              "opm": -3.3
            },
            {
              "period": "2025Q3",
              "revenue": 433.2,
              "op_income": 18.9,
              "net_income": 30.8,
              "opm": 4.4
            }
          ],
          "detail": "적자→흑자 전환! (영업이익 -10.4→18.9억)"
        },
        "market_cap": 0,
        "news_data": null,
        "freshness_mult": 0.0,
        "v9_kill_reasons": [
          "K6:저가주(4060원<5,000원)",
          "K8:TRIX_DC(-22일차)",
          "K11:폭락(-50%)"
        ]
      },
      {
        "ticker": "054450",
        "name": "텔레칩스",
        "grade": "B",
        "zone_score": 0.5704,
        "trigger_type": "T2_Volume_RSI",
        "confidence": 1.0,
        "entry_price": 14230,
        "stop_loss": 12758,
        "target_price": 16805,
        "risk_reward": 1.75,
        "rsi": 42.129028217869354,
        "adx": 24.463382434830688,
        "plus_di": 11.661353500820088,
        "minus_di": 26.46924143620064,
        "vol_surge": 0.72179277009038,
        "obv_trend": "down",
        "foreign_streak": 0,
        "inst_streak": 0,
        "foreign_amount_5d": 0,
        "inst_amount_5d": 0,
        "foreign_net_5d": 0.0,
        "short_balance_chg_5d": 0.0,
        "consensus": null,
        "avg_trading_value_20d": 4628962605.5,
        "pct_of_52w_high": 0.7223350253807107,
        "trix": -0.180577751782951,
        "trix_signal": -0.05294998084887371,
        "slope_ma60": 3.9420048725414603,
        "above_ma60": false,
        "above_ma120": true,
        "drawdown_from_high": -27.766497461928928,
        "vol_contraction": 0.6638330191898946,
        "per": 0.0,
        "pbr": 0.0,
        "trix_counter": -30,
        "market_signals": [],
        "scores": {
          "consensus": 0,
          "consensus_detail": {
            "verdict": "DETERIORATING",
            "op_yoy": -261.9,
            "opm_trend": -2.88,
            "holding_co": false,
            "detail": "적자 전환/지속 (-27.2억)"
          }
        },
        "earnings_momentum": {
          "verdict": "DETERIORATING",
          "score": 0,
          "op_yoy_pct": -261.9,
          "net_yoy_pct": -142.3,
          "opm_trend": -2.88,
          "is_holding_co": false,
          "quarters": [
            {
              "period": "2023Q4",
              "revenue": 444.7,
              "op_income": 23.8,
              "net_income": 312.8,
              "opm": 5.4
            },
            {
              "period": "2024Q1",
              "revenue": 453.8,
              "op_income": 12.7,
              "net_income": -61.2,
              "opm": 2.8
            },
            {
              "period": "2024Q2",
              "revenue": 460.0,
              "op_income": 12.7,
              "net_income": -156.8,
              "opm": 2.8
            },
            {
              "period": "2024Q3",
              "revenue": 476.1,
              "op_income": 16.8,
              "net_income": -97.5,
              "opm": 3.5
            },
            {
              "period": "2024Q4",
              "revenue": 476.3,
              "op_income": 15.7,
              "net_income": -70.1,
              "opm": 3.3
            },
            {
              "period": "2025Q1",
              "revenue": 452.0,
              "op_income": -23.6,
              "net_income": -34.5,
              "opm": -5.2
            },
            {
              "period": "2025Q2",
              "revenue": 443.0,
              "op_income": -34.8,
              "net_income": -30.7,
              "opm": -7.9
            },
            {
              "period": "2025Q3",
              "revenue": 502.5,
              "op_income": -27.2,
              "net_income": -41.2,
              "opm": -5.4
            }
          ],
          "detail": "적자 전환/지속 (-27.2억)"
        },
        "market_cap": 0,
        "news_data": null,
        "freshness_mult": 0.0,
        "v9_kill_reasons": [
          "K4:유동성(46억<50억)",
          "K8:TRIX_DC(-30일차)",
          "K11:폭락(-28%)"
        ]
      },
      {
        "ticker": "078160",
        "name": "메디포스트",
        "grade": "B",
        "zone_score": 0.63,
        "trigger_type": "T2_Volume_RSI",
        "confidence": 1.0,
        "entry_price": 21950,
        "stop_loss": 18402,
        "target_price": 28158,
        "risk_reward": 1.75,
        "rsi": 53.05711603947929,
        "adx": 17.956208256545573,
        "plus_di": 20.675844045205153,
        "minus_di": 13.854565686202568,
        "vol_surge": 0.4583643615372953,
        "obv_trend": "up",
        "foreign_streak": 0,
        "inst_streak": 0,
        "foreign_amount_5d": 0,
        "inst_amount_5d": 0,
        "foreign_net_5d": 0.0,
        "short_balance_chg_5d": 0.0,
        "consensus": null,
        "avg_trading_value_20d": 12460985670.0,
        "pct_of_52w_high": 0.7881508078994613,
        "trix": 0.6150366049160638,
        "trix_signal": 1.0759465397696428,
        "slope_ma60": 5.000948689453288,
        "above_ma60": true,
        "above_ma120": true,
        "drawdown_from_high": -21.184919210053867,
        "vol_contraction": 0.578157987827727,
        "per": 0.0,
        "pbr": 0.0,
        "trix_counter": -7,
        "market_signals": [],
        "scores": {
          "consensus": 1,
          "consensus_detail": {
            "verdict": "DECELERATING",
            "op_yoy": -46.9,
            "opm_trend": -1.54,
            "holding_co": false,
            "detail": "2분기 연속 YoY 악화 (-46.9%)"
          }
        },
        "earnings_momentum": {
          "verdict": "DECELERATING",
          "score": 1,
          "op_yoy_pct": -46.9,
          "net_yoy_pct": -195.1,
          "opm_trend": -1.54,
          "is_holding_co": false,
          "quarters": [
            {
              "period": "2023Q4",
              "revenue": 179.1,
              "op_income": -9.6,
              "net_income": 125.2,
              "opm": -5.4
            },
            {
              "period": "2024Q1",
              "revenue": 189.4,
              "op_income": 17.1,
              "net_income": -68.4,
              "opm": 9.0
            },
            {
              "period": "2024Q2",
              "revenue": 185.4,
              "op_income": 5.3,
              "net_income": 27.1,
              "opm": 2.9
            },
            {
              "period": "2024Q3",
              "revenue": 182.0,
              "op_income": 6.4,
              "net_income": -180.6,
              "opm": 3.5
            },
            {
              "period": "2024Q4",
              "revenue": 184.3,
              "op_income": 9.0,
              "net_income": -400.3,
              "opm": 4.9
            },
            {
              "period": "2025Q1",
              "revenue": 202.5,
              "op_income": 13.0,
              "net_income": -163.7,
              "opm": 6.4
            },
            {
              "period": "2025Q2",
              "revenue": 187.3,
              "op_income": 0.8,
              "net_income": -240.2,
              "opm": 0.4
            },
            {
              "period": "2025Q3",
              "revenue": 195.4,
              "op_income": 3.4,
              "net_income": -171.7,
              "opm": 1.7
            }
          ],
          "detail": "2분기 연속 YoY 악화 (-46.9%)"
        },
        "market_cap": 0,
        "news_data": null,
        "freshness_mult": 0.0,
        "v9_kill_reasons": [
          "K8:TRIX_DC(-7일차)",
          "K11:폭락(-21%)"
        ]
      },
      {
        "ticker": "085660",
        "name": "차바이오텍",
        "grade": "B",
        "zone_score": 0.6017,
        "trigger_type": "T2_Volume_RSI",
        "confidence": 1.0,
        "entry_price": 21650,
        "stop_loss": 19453,
        "target_price": 25493,
        "risk_reward": 1.75,
        "rsi": 64.11120873582152,
        "adx": 34.16624211801404,
        "plus_di": 30.01271406456585,
        "minus_di": 10.865991170698523,
        "vol_surge": 0.9641439751545975,
        "obv_trend": "up",
        "foreign_streak": 0,
        "inst_streak": 0,
        "foreign_amount_5d": 0,
        "inst_amount_5d": 0,
        "foreign_net_5d": -6959509900.0,
        "short_balance_chg_5d": 0.0,
        "consensus": null,
        "avg_trading_value_20d": 21635298107.5,
        "pct_of_52w_high": 0.9039665970772442,
        "trix": 0.9291611981159242,
        "trix_signal": 1.186925024899203,
        "slope_ma60": 9.073934584495902,
        "above_ma60": true,
        "above_ma120": true,
        "drawdown_from_high": -9.603340292275576,
        "vol_contraction": 0.5826734064446507,
        "per": 0.0,
        "pbr": 0.0,
        "trix_counter": -8,
        "market_signals": [
          {
            "title": "완전 정배열 (5>20>60>120)",
            "importance": "high",
            "confidence": 85
          }
        ],
        "scores": {
          "consensus": 0,
          "consensus_detail": {
            "verdict": "DETERIORATING",
            "op_yoy": -1860.0,
            "opm_trend": -4.71,
            "holding_co": false,
            "detail": "적자 전환/지속 (-17.6억)"
          }
        },
        "earnings_momentum": {
          "verdict": "DETERIORATING",
          "score": 0,
          "op_yoy_pct": -1860.0,
          "net_yoy_pct": -108.6,
          "opm_trend": -4.71,
          "is_holding_co": false,
          "quarters": [
            {
              "period": "2023Q3",
              "revenue": 124.0,
              "op_income": -7.0,
              "net_income": -97.3,
              "opm": -5.6
            },
            {
              "period": "2023Q4",
              "revenue": 118.4,
              "op_income": -17.1,
              "net_income": -80.8,
              "opm": -14.4
            },
            {
              "period": "2024Q1",
              "revenue": 124.5,
              "op_income": 0.9,
              "net_income": 16.5,
              "opm": 0.7
            },
            {
              "period": "2024Q2",
              "revenue": 136.6,
              "op_income": -1.0,
              "net_income": 337.5,
              "opm": -0.7
            },
            {
              "period": "2024Q3",
              "revenue": 129.8,
              "op_income": -1.4,
              "net_income": 183.0,
              "opm": -1.1
            },
            {
              "period": "2025Q1",
              "revenue": 148.1,
              "op_income": -0.0,
              "net_income": -31.9,
              "opm": -0.0
            },
            {
              "period": "2025Q2",
              "revenue": 155.3,
              "op_income": -22.5,
              "net_income": -239.6,
              "opm": -14.5
            },
            {
              "period": "2025Q3",
              "revenue": 147.1,
              "op_income": -17.6,
              "net_income": -29.1,
              "opm": -12.0
            }
          ],
          "detail": "적자 전환/지속 (-17.6억)"
        },
        "market_cap": 0,
        "news_data": null,
        "freshness_mult": 0.0,
        "v9_kill_reasons": [
          "K8:TRIX_DC(-8일차)"
        ]
      },
      {
        "ticker": "086900",
        "name": "메디톡스",
        "grade": "B",
        "zone_score": 0.5742,
        "trigger_type": "T2_Volume_RSI",
        "confidence": 1.0,
        "entry_price": 128800,
        "stop_loss": 121456,
        "target_price": 141651,
        "risk_reward": 1.75,
        "rsi": 49.37401419827293,
        "adx": 15.738258987563182,
        "plus_di": 13.423677350846003,
        "minus_di": 25.620298872894953,
        "vol_surge": 0.72587697529201,
        "obv_trend": "up",
        "foreign_streak": 0,
        "inst_streak": 0,
        "foreign_amount_5d": 0,
        "inst_amount_5d": 0,
        "foreign_net_5d": 0.0,
        "short_balance_chg_5d": 0.0,
        "consensus": null,
        "avg_trading_value_20d": 7045220530.0,
        "pct_of_52w_high": 0.7049808429118773,
        "trix": 0.2212316875393583,
        "trix_signal": 0.29238394052011374,
        "slope_ma60": 1.1156513791064082,
        "above_ma60": true,
        "above_ma120": true,
        "drawdown_from_high": -29.501915708812266,
        "vol_contraction": 0.6596612637141871,
        "per": 0.0,
        "pbr": 0.0,
        "trix_counter": -6,
        "market_signals": [],
        "scores": {
          "consensus": 14,
          "consensus_detail": {
            "verdict": "GROWING",
            "op_yoy": 126.5,
            "opm_trend": 2.08,
            "holding_co": false,
            "detail": "YoY 개선 (+126.5%) + OPM 개선(+2.1%p/Q)"
          }
        },
        "earnings_momentum": {
          "verdict": "GROWING",
          "score": 14,
          "op_yoy_pct": 126.5,
          "net_yoy_pct": 182.9,
          "opm_trend": 2.08,
          "is_holding_co": false,
          "quarters": [
            {
              "period": "2023Q4",
              "revenue": 602.2,
              "op_income": 5.7,
              "net_income": -0.6,
              "opm": 0.9
            },
            {
              "period": "2024Q1",
              "revenue": 489.8,
              "op_income": -18.8,
              "net_income": -13.0,
              "opm": -3.8
            },
            {
              "period": "2024Q2",
              "revenue": 592.7,
              "op_income": 129.1,
              "net_income": 112.7,
              "opm": 21.8
            },
            {
              "period": "2024Q3",
              "revenue": 455.6,
              "op_income": 38.5,
              "net_income": 25.7,
              "opm": 8.5
            },
            {
              "period": "2024Q4",
              "revenue": 543.4,
              "op_income": 42.6,
              "net_income": 93.7,
              "opm": 7.8
            },
            {
              "period": "2025Q1",
              "revenue": 596.7,
              "op_income": 68.3,
              "net_income": 68.5,
              "opm": 11.4
            },
            {
              "period": "2025Q2",
              "revenue": 542.8,
              "op_income": 53.1,
              "net_income": 21.6,
              "opm": 9.8
            },
            {
              "period": "2025Q3",
              "revenue": 568.3,
              "op_income": 87.2,
              "net_income": 72.7,
              "opm": 15.3
            }
          ],
          "detail": "YoY 개선 (+126.5%) + OPM 개선(+2.1%p/Q)"
        },
        "market_cap": 0,
        "news_data": null,
        "freshness_mult": 0.0,
        "v9_kill_reasons": [
          "K8:TRIX_DC(-6일차)",
          "K11:폭락(-30%)"
        ]
      },
      {
        "ticker": "088800",
        "name": "에이스테크",
        "grade": "B",
        "zone_score": 0.5863,
        "trigger_type": "T2_Volume_RSI",
        "confidence": 1.0,
        "entry_price": 2875,
        "stop_loss": 2606,
        "target_price": 3345,
        "risk_reward": 1.75,
        "rsi": 44.567416393624356,
        "adx": 18.057401425519338,
        "plus_di": 17.51196469048592,
        "minus_di": 26.647970943640928,
        "vol_surge": 0.4750416447380125,
        "obv_trend": "down",
        "foreign_streak": 0,
        "inst_streak": 0,
        "foreign_amount_5d": 0,
        "inst_amount_5d": 0,
        "foreign_net_5d": 0.0,
        "short_balance_chg_5d": 0.0,
        "consensus": null,
        "avg_trading_value_20d": 1337824453.0,
        "pct_of_52w_high": 0.6130063965884861,
        "trix": -0.03785072672101153,
        "trix_signal": -0.03789867567430585,
        "slope_ma60": -2.541552364047117,
        "above_ma60": false,
        "above_ma120": true,
        "drawdown_from_high": -38.69936034115139,
        "vol_contraction": 0.636602284813751,
        "per": 0.0,
        "pbr": 0.0,
        "trix_counter": 3,
        "market_signals": [
          {
            "title": "MACD 데드크로스 경고",
            "importance": "high",
            "confidence": 70
          },
          {
            "title": "골든크로스 접근",
            "importance": "high",
            "confidence": 61.008775560890804
          }
        ],
        "scores": {
          "consensus": 14,
          "consensus_detail": {
            "verdict": "TURNAROUND_EARLY",
            "op_yoy": -128.8,
            "opm_trend": 0.07,
            "holding_co": false,
            "detail": "적자 30%+ 축소 (-18.1→-8.4억)"
          }
        },
        "earnings_momentum": {
          "verdict": "TURNAROUND_EARLY",
          "score": 14,
          "op_yoy_pct": -128.8,
          "net_yoy_pct": -116.5,
          "opm_trend": 0.07,
          "is_holding_co": false,
          "quarters": [
            {
              "period": "2023Q4",
              "revenue": 204.6,
              "op_income": -96.5,
              "net_income": -331.7,
              "opm": -47.2
            },
            {
              "period": "2024Q1",
              "revenue": 249.6,
              "op_income": -5.6,
              "net_income": -28.9,
              "opm": -2.2
            },
            {
              "period": "2024Q2",
              "revenue": 307.8,
              "op_income": 10.7,
              "net_income": -120.8,
              "opm": 3.5
            },
            {
              "period": "2024Q3",
              "revenue": 313.2,
              "op_income": -29.2,
              "net_income": -116.9,
              "opm": -9.3
            },
            {
              "period": "2024Q4",
              "revenue": 384.4,
              "op_income": -16.4,
              "net_income": -101.4,
              "opm": -4.3
            },
            {
              "period": "2025Q1",
              "revenue": 457.4,
              "op_income": 0.7,
              "net_income": -30.5,
              "opm": 0.2
            },
            {
              "period": "2025Q2",
              "revenue": 416.7,
              "op_income": -18.1,
              "net_income": -168.1,
              "opm": -4.3
            },
            {
              "period": "2025Q3",
              "revenue": 333.1,
              "op_income": -8.4,
              "net_income": -19.3,
              "opm": -2.5
            }
          ],
          "detail": "적자 30%+ 축소 (-18.1→-8.4억)"
        },
        "market_cap": 0,
        "news_data": null,
        "freshness_mult": 1.208,
        "v9_kill_reasons": [
          "K4:유동성(13억<50억)",
          "K6:저가주(2875원<5,000원)",
          "K11:폭락(-39%)"
        ]
      },
      {
        "ticker": "089010",
        "name": "켐트로닉스",
        "grade": "B",
        "zone_score": 0.6288,
        "trigger_type": "T2_Volume_RSI",
        "confidence": 1.0,
        "entry_price": 33250,
        "stop_loss": 30285,
        "target_price": 38438,
        "risk_reward": 1.75,
        "rsi": 50.391581585881696,
        "adx": 16.243058825936213,
        "plus_di": 17.648217157724527,
        "minus_di": 19.51577828856968,
        "vol_surge": 0.7377280021334608,
        "obv_trend": "down",
        "foreign_streak": 0,
        "inst_streak": 0,
        "foreign_amount_5d": 0,
        "inst_amount_5d": 0,
        "foreign_net_5d": 0.0,
        "short_balance_chg_5d": 0.0,
        "consensus": null,
        "avg_trading_value_20d": 11977253932.5,
        "pct_of_52w_high": 0.7323788546255506,
        "trix": 0.04931832427808036,
        "trix_signal": 0.18659661243831546,
        "slope_ma60": 2.1159666542770683,
        "above_ma60": true,
        "above_ma120": true,
        "drawdown_from_high": -26.762114537444937,
        "vol_contraction": 0.7271227705564011,
        "per": 0.0,
        "pbr": 0.0,
        "trix_counter": -10,
        "market_signals": [],
        "scores": {
          "consensus": 12,
          "consensus_detail": {
            "verdict": "GROWING",
            "op_yoy": 93.1,
            "opm_trend": 0.42,
            "holding_co": false,
            "detail": "YoY 개선 (+93.1%)"
          }
        },
        "earnings_momentum": {
          "verdict": "GROWING",
          "score": 12,
          "op_yoy_pct": 93.1,
          "net_yoy_pct": 388.9,
          "opm_trend": 0.42,
          "is_holding_co": false,
          "quarters": [
            {
              "period": "2023Q4",
              "revenue": 810.6,
              "op_income": 147.1,
              "net_income": 88.6,
              "opm": 18.1
            },
            {
              "period": "2024Q1",
              "revenue": 879.7,
              "op_income": 62.8,
              "net_income": 33.3,
              "opm": 7.1
            },
            {
              "period": "2024Q2",
              "revenue": 892.6,
              "op_income": 60.3,
              "net_income": 34.4,
              "opm": 6.8
            },
            {
              "period": "2024Q3",
              "revenue": 839.5,
              "op_income": 20.2,
              "net_income": 2.7,
              "opm": 2.4
            },
            {
              "period": "2024Q4",
              "revenue": 762.0,
              "op_income": 12.4,
              "net_income": 60.6,
              "opm": 1.6
            },
            {
              "period": "2025Q1",
              "revenue": 847.5,
              "op_income": 51.9,
              "net_income": 39.9,
              "opm": 6.1
            },
            {
              "period": "2025Q2",
              "revenue": 833.8,
              "op_income": 21.8,
              "net_income": 47.8,
              "opm": 2.6
            },
            {
              "period": "2025Q3",
              "revenue": 927.4,
              "op_income": 39.0,
              "net_income": 13.2,
              "opm": 4.2
            }
          ],
          "detail": "YoY 개선 (+93.1%)"
        },
        "market_cap": 0,
        "news_data": null,
        "freshness_mult": 0.0,
        "v9_kill_reasons": [
          "K8:TRIX_DC(-10일차)",
          "K11:폭락(-27%)"
        ]
      },
      {
        "ticker": "092200",
        "name": "디아이씨",
        "grade": "B",
        "zone_score": 0.5392,
        "trigger_type": "T2_Volume_RSI",
        "confidence": 1.0,
        "entry_price": 10180,
        "stop_loss": 8917,
        "target_price": 12389,
        "risk_reward": 1.75,
        "rsi": 42.86771381347664,
        "adx": 15.71913270120141,
        "plus_di": 19.97852174784308,
        "minus_di": 20.669381755362874,
        "vol_surge": 1.0032597416578573,
        "obv_trend": "down",
        "foreign_streak": 0,
        "inst_streak": 0,
        "foreign_amount_5d": 0,
        "inst_amount_5d": 0,
        "foreign_net_5d": 0.0,
        "short_balance_chg_5d": 0.0,
        "consensus": null,
        "avg_trading_value_20d": 11339525646.0,
        "pct_of_52w_high": 0.671947194719472,
        "trix": -0.5778758518643401,
        "trix_signal": -0.6094908057855003,
        "slope_ma60": 5.664217936945226,
        "above_ma60": false,
        "above_ma120": true,
        "drawdown_from_high": -32.805280528052805,
        "vol_contraction": 1.0834520778166365,
        "per": 0.0,
        "pbr": 0.0,
        "trix_counter": 2,
        "market_signals": [],
        "scores": {
          "consensus": 3,
          "consensus_detail": {
            "verdict": "DECELERATING",
            "op_yoy": -37.8,
            "opm_trend": -0.56,
            "holding_co": false,
            "detail": "2분기 연속 YoY 악화 (-37.8%)"
          }
        },
        "earnings_momentum": {
          "verdict": "DECELERATING",
          "score": 3,
          "op_yoy_pct": -37.8,
          "net_yoy_pct": -65.3,
          "opm_trend": -0.56,
          "is_holding_co": false,
          "quarters": [
            {
              "period": "2023Q4",
              "revenue": 1244.6,
              "op_income": 84.6,
              "net_income": 11.0,
              "opm": 6.8
            },
            {
              "period": "2024Q1",
              "revenue": 1158.8,
              "op_income": 27.5,
              "net_income": 16.5,
              "opm": 2.4
            },
            {
              "period": "2024Q2",
              "revenue": 1286.1,
              "op_income": 84.6,
              "net_income": 59.5,
              "opm": 6.6
            },
            {
              "period": "2024Q3",
              "revenue": 1023.1,
              "op_income": 16.4,
              "net_income": 38.3,
              "opm": 1.6
            },
            {
              "period": "2024Q4",
              "revenue": 1155.7,
              "op_income": 36.9,
              "net_income": 18.3,
              "opm": 3.2
            },
            {
              "period": "2025Q1",
              "revenue": 1111.0,
              "op_income": 35.5,
              "net_income": 2.6,
              "opm": 3.2
            },
            {
              "period": "2025Q2",
              "revenue": 1073.3,
              "op_income": 42.1,
              "net_income": -18.8,
              "opm": 3.9
            },
            {
              "period": "2025Q3",
              "revenue": 948.8,
              "op_income": 10.2,
              "net_income": 13.3,
              "opm": 1.1
            }
          ],
          "detail": "2분기 연속 YoY 악화 (-37.8%)"
        },
        "market_cap": 0,
        "news_data": null,
        "freshness_mult": 1.15,
        "v9_kill_reasons": [
          "K11:폭락(-33%)"
        ]
      },
      {
        "ticker": "092730",
        "name": "네오팜",
        "grade": "B",
        "zone_score": 0.5448,
        "trigger_type": "T2_Volume_RSI",
        "confidence": 1.0,
        "entry_price": 18900,
        "stop_loss": 17384,
        "target_price": 21551,
        "risk_reward": 1.75,
        "rsi": 44.3980820331587,
        "adx": 22.51831867607606,
        "plus_di": 13.907735767444562,
        "minus_di": 25.449145993344953,
        "vol_surge": 0.46322354424646567,
        "obv_trend": "down",
        "foreign_streak": 0,
        "inst_streak": 0,
        "foreign_amount_5d": 0,
        "inst_amount_5d": 0,
        "foreign_net_5d": 0.0,
        "short_balance_chg_5d": 0.0,
        "consensus": null,
        "avg_trading_value_20d": 1875068261.5,
        "pct_of_52w_high": 0.8344370860927153,
        "trix": 0.26324237217332236,
        "trix_signal": 0.35649138217004184,
        "slope_ma60": 1.0297099532751597,
        "above_ma60": false,
        "above_ma120": true,
        "drawdown_from_high": -16.55629139072847,
        "vol_contraction": 0.6419445416086782,
        "per": 0.0,
        "pbr": 0.0,
        "trix_counter": -3,
        "market_signals": [],
        "scores": {
          "consensus": 16,
          "consensus_detail": {
            "verdict": "ACCELERATING",
            "op_yoy": 33.2,
            "opm_trend": 0.47,
            "holding_co": false,
            "detail": "2분기 연속 YoY 성장 (최근 +33.2%)"
          }
        },
        "earnings_momentum": {
          "verdict": "ACCELERATING",
          "score": 16,
          "op_yoy_pct": 33.2,
          "net_yoy_pct": 57.5,
          "opm_trend": 0.47,
          "is_holding_co": false,
          "quarters": [
            {
              "period": "2023Q4",
              "revenue": 272.2,
              "op_income": 71.1,
              "net_income": 60.5,
              "opm": 26.1
            },
            {
              "period": "2024Q1",
              "revenue": 282.3,
              "op_income": 67.4,
              "net_income": 60.8,
              "opm": 23.9
            },
            {
              "period": "2024Q2",
              "revenue": 306.8,
              "op_income": 64.0,
              "net_income": 60.8,
              "opm": 20.9
            },
            {
              "period": "2024Q3",
              "revenue": 261.4,
              "op_income": 51.5,
              "net_income": 44.2,
              "opm": 19.7
            },
            {
              "period": "2024Q4",
              "revenue": 341.4,
              "op_income": 65.4,
              "net_income": 63.0,
              "opm": 19.2
            },
            {
              "period": "2025Q1",
              "revenue": 315.7,
              "op_income": 76.5,
              "net_income": 70.0,
              "opm": 24.2
            },
            {
              "period": "2025Q2",
              "revenue": 319.6,
              "op_income": 71.7,
              "net_income": 72.2,
              "opm": 22.4
            },
            {
              "period": "2025Q3",
              "revenue": 321.7,
              "op_income": 68.6,
              "net_income": 69.6,
              "opm": 21.3
            }
          ],
          "detail": "2분기 연속 YoY 성장 (최근 +33.2%)"
        },
        "market_cap": 0,
        "news_data": null,
        "freshness_mult": 0.0,
        "v9_kill_reasons": [
          "K4:유동성(19억<50억)",
          "K8:TRIX_DC(-3일차)"
        ]
      },
      {
        "ticker": "101170",
        "name": "우림피티에스",
        "grade": "B",
        "zone_score": 0.5114,
        "trigger_type": "T2_Volume_RSI",
        "confidence": 1.0,
        "entry_price": 16720,
        "stop_loss": 14042,
        "target_price": 21404,
        "risk_reward": 1.75,
        "rsi": 49.50113438685453,
        "adx": 24.92884742939542,
        "plus_di": 31.86818026509312,
        "minus_di": 12.498023246519038,
        "vol_surge": 3.9669302544204665,
        "obv_trend": "up",
        "foreign_streak": 0,
        "inst_streak": 0,
        "foreign_amount_5d": 0,
        "inst_amount_5d": 0,
        "foreign_net_5d": 0.0,
        "short_balance_chg_5d": 0.0,
        "consensus": null,
        "avg_trading_value_20d": 12360386691.5,
        "pct_of_52w_high": 0.6966666666666667,
        "trix": -0.675589811226962,
        "trix_signal": -0.40177588666842196,
        "slope_ma60": 11.837426512421768,
        "above_ma60": true,
        "above_ma120": true,
        "drawdown_from_high": -30.333333333333336,
        "vol_contraction": 1.253251581018066,
        "per": 0.0,
        "pbr": 0.0,
        "trix_counter": -25,
        "market_signals": [],
        "scores": {
          "consensus": 20,
          "consensus_detail": {
            "verdict": "TURNAROUND_STRONG",
            "op_yoy": 302.3,
            "opm_trend": 11.88,
            "holding_co": false,
            "detail": "적자→흑자 전환! (영업이익 -12.9→35.4억)"
          }
        },
        "earnings_momentum": {
          "verdict": "TURNAROUND_STRONG",
          "score": 20,
          "op_yoy_pct": 302.3,
          "net_yoy_pct": 283.1,
          "opm_trend": 11.88,
          "is_holding_co": false,
          "quarters": [
            {
              "period": "2023Q4",
              "revenue": 170.1,
              "op_income": 18.5,
              "net_income": 29.4,
              "opm": 10.9
            },
            {
              "period": "2024Q1",
              "revenue": 211.0,
              "op_income": 14.1,
              "net_income": 16.5,
              "opm": 6.7
            },
            {
              "period": "2024Q2",
              "revenue": 234.2,
              "op_income": 10.9,
              "net_income": 13.3,
              "opm": 4.7
            },
            {
              "period": "2024Q3",
              "revenue": 121.6,
              "op_income": -8.8,
              "net_income": -8.9,
              "opm": -7.2
            },
            {
              "period": "2024Q4",
              "revenue": 150.9,
              "op_income": -32.1,
              "net_income": -98.7,
              "opm": -21.3
            },
            {
              "period": "2025Q1",
              "revenue": 137.2,
              "op_income": 2.0,
              "net_income": 6.4,
              "opm": 1.5
            },
            {
              "period": "2025Q2",
              "revenue": 120.0,
              "op_income": -12.9,
              "net_income": -16.2,
              "opm": -10.8
            },
            {
              "period": "2025Q3",
              "revenue": 158.0,
              "op_income": 35.4,
              "net_income": 34.1,
              "opm": 22.4
            }
          ],
          "detail": "적자→흑자 전환! (영업이익 -12.9→35.4억)"
        },
        "market_cap": 0,
        "news_data": null,
        "freshness_mult": 0.0,
        "v9_kill_reasons": [
          "K8:TRIX_DC(-25일차)",
          "K11:폭락(-30%)"
        ]
      },
      {
        "ticker": "115180",
        "name": "큐리언트",
        "grade": "B",
        "zone_score": 0.6802,
        "trigger_type": "T2_Volume_RSI",
        "confidence": 1.0,
        "entry_price": 32250,
        "stop_loss": 27107,
        "target_price": 41249,
        "risk_reward": 1.75,
        "rsi": 48.377510532583756,
        "adx": 16.603416007179284,
        "plus_di": 20.31461550723554,
        "minus_di": 18.819107894338277,
        "vol_surge": 0.6652932815305912,
        "obv_trend": "down",
        "foreign_streak": 0,
        "inst_streak": 0,
        "foreign_amount_5d": 0,
        "inst_amount_5d": 0,
        "foreign_net_5d": 0.0,
        "short_balance_chg_5d": 0.0,
        "consensus": null,
        "avg_trading_value_20d": 9009052482.5,
        "pct_of_52w_high": 0.8072590738423029,
        "trix": 0.3653462505058158,
        "trix_signal": 0.6024871196777613,
        "slope_ma60": 4.2795126732950495,
        "above_ma60": true,
        "above_ma120": true,
        "drawdown_from_high": -19.27409261576971,
        "vol_contraction": 0.5773902396314762,
        "per": 0.0,
        "pbr": 0.0,
        "trix_counter": -5,
        "market_signals": [],
        "scores": {
          "consensus": 0,
          "consensus_detail": {
            "verdict": "DETERIORATING",
            "op_yoy": -218.4,
            "opm_trend": -14.93,
            "holding_co": false,
            "detail": "적자 전환/지속 (-63.8억)"
          }
        },
        "earnings_momentum": {
          "verdict": "DETERIORATING",
          "score": 0,
          "op_yoy_pct": -218.4,
          "net_yoy_pct": -219.6,
          "opm_trend": -14.93,
          "is_holding_co": false,
          "quarters": [
            {
              "period": "2023Q4",
              "revenue": 25.9,
              "op_income": -40.7,
              "net_income": -39.9,
              "opm": -157.1
            },
            {
              "period": "2024Q1",
              "revenue": 25.4,
              "op_income": -52.1,
              "net_income": -49.0,
              "opm": -205.1
            },
            {
              "period": "2024Q2",
              "revenue": 26.0,
              "op_income": -71.2,
              "net_income": -67.9,
              "opm": -273.8
            },
            {
              "period": "2024Q3",
              "revenue": 27.2,
              "op_income": -53.9,
              "net_income": -50.4,
              "opm": -198.2
            },
            {
              "period": "2024Q4",
              "revenue": 31.5,
              "op_income": -74.1,
              "net_income": -56.0,
              "opm": -235.2
            },
            {
              "period": "2025Q1",
              "revenue": 25.3,
              "op_income": -60.4,
              "net_income": -55.6,
              "opm": -238.7
            },
            {
              "period": "2025Q2",
              "revenue": 25.2,
              "op_income": -60.3,
              "net_income": -56.3,
              "opm": -239.3
            },
            {
              "period": "2025Q3",
              "revenue": 22.4,
              "op_income": -63.8,
              "net_income": -60.3,
              "opm": -284.8
            }
          ],
          "detail": "적자 전환/지속 (-63.8억)"
        },
        "market_cap": 0,
        "news_data": null,
        "freshness_mult": 0.0,
        "v9_kill_reasons": [
          "K8:TRIX_DC(-5일차)"
        ]
      },
      {
        "ticker": "190510",
        "name": "나무가",
        "grade": "A",
        "zone_score": 0.7637,
        "trigger_type": "T2_Volume_RSI",
        "confidence": 0.883,
        "entry_price": 22700,
        "stop_loss": 20223,
        "target_price": 28891,
        "risk_reward": 2.5,
        "rsi": 46.02084451749698,
        "adx": 14.032288304843785,
        "plus_di": 25.606625312168834,
        "minus_di": 21.76887011799258,
        "vol_surge": 0.3847746198595977,
        "obv_trend": "up",
        "foreign_streak": 0,
        "inst_streak": 0,
        "foreign_amount_5d": 0,
        "inst_amount_5d": 0,
        "foreign_net_5d": 0.0,
        "short_balance_chg_5d": 0.0,
        "consensus": null,
        "avg_trading_value_20d": 5680414307.5,
        "pct_of_52w_high": 0.7937062937062938,
        "trix": -0.09704477940193357,
        "trix_signal": 0.11607256013678872,
        "slope_ma60": 6.244749369924385,
        "above_ma60": true,
        "above_ma120": true,
        "drawdown_from_high": -20.629370629370626,
        "vol_contraction": 0.5721584818453853,
        "per": 0.0,
        "pbr": 0.0,
        "trix_counter": -24,
        "market_signals": [],
        "scores": {
          "consensus": 14,
          "consensus_detail": {
            "verdict": "GROWING",
            "op_yoy": 100.0,
            "opm_trend": 1.85,
            "holding_co": false,
            "detail": "YoY 개선 (+100.0%) + OPM 개선(+1.9%p/Q)"
          }
        },
        "earnings_momentum": {
          "verdict": "GROWING",
          "score": 14,
          "op_yoy_pct": 100.0,
          "net_yoy_pct": 439.2,
          "opm_trend": 1.85,
          "is_holding_co": false,
          "quarters": [
            {
              "period": "2023Q4",
              "revenue": 759.3,
              "op_income": 61.6,
              "net_income": 41.7,
              "opm": 8.1
            },
            {
              "period": "2024Q1",
              "revenue": 875.1,
              "op_income": 51.1,
              "net_income": 78.4,
              "opm": 5.8
            },
            {
              "period": "2024Q2",
              "revenue": 783.7,
              "op_income": 49.2,
              "net_income": 64.6,
              "opm": 6.3
            },
            {
              "period": "2024Q3",
              "revenue": 861.7,
              "op_income": 27.9,
              "net_income": 14.3,
              "opm": 3.2
            },
            {
              "period": "2024Q4",
              "revenue": 793.0,
              "op_income": -0.2,
              "net_income": 50.1,
              "opm": -0.0
            },
            {
              "period": "2025Q1",
              "revenue": 966.8,
              "op_income": 50.5,
              "net_income": 58.4,
              "opm": 5.2
            },
            {
              "period": "2025Q2",
              "revenue": 845.8,
              "op_income": 39.5,
              "net_income": 1.5,
              "opm": 4.7
            },
            {
              "period": "2025Q3",
              "revenue": 881.0,
              "op_income": 55.8,
              "net_income": 77.1,
              "opm": 6.3
            }
          ],
          "detail": "YoY 개선 (+100.0%) + OPM 개선(+1.9%p/Q)"
        },
        "market_cap": 0,
        "news_data": null,
        "freshness_mult": 0.0,
        "v9_kill_reasons": [
          "K8:TRIX_DC(-24일차)",
          "K11:폭락(-21%)"
        ]
      },
      {
        "ticker": "192650",
        "name": "드림텍",
        "grade": "B",
        "zone_score": 0.5137,
        "trigger_type": "T2_Volume_RSI",
        "confidence": 1.0,
        "entry_price": 7790,
        "stop_loss": 7045,
        "target_price": 9093,
        "risk_reward": 1.75,
        "rsi": 48.64912012444981,
        "adx": 28.449517601030134,
        "plus_di": 21.777664831763587,
        "minus_di": 27.12443079865944,
        "vol_surge": 0.5315522881552796,
        "obv_trend": "up",
        "foreign_streak": 0,
        "inst_streak": 0,
        "foreign_amount_5d": 0,
        "inst_amount_5d": 0,
        "foreign_net_5d": 0.0,
        "short_balance_chg_5d": 0.0,
        "consensus": null,
        "avg_trading_value_20d": 6064645754.5,
        "pct_of_52w_high": 0.8541666666666666,
        "trix": 0.422089307440876,
        "trix_signal": 0.4975260454118267,
        "slope_ma60": 2.8572087445807526,
        "above_ma60": true,
        "above_ma120": true,
        "drawdown_from_high": -14.583333333333337,
        "vol_contraction": 0.6452441971312508,
        "per": 0.0,
        "pbr": 0.0,
        "trix_counter": -3,
        "market_signals": [],
        "scores": {
          "consensus": 12,
          "consensus_detail": {
            "verdict": "GROWING",
            "op_yoy": 154.4,
            "opm_trend": 0.2,
            "holding_co": false,
            "detail": "YoY 개선 (+154.4%)"
          }
        },
        "earnings_momentum": {
          "verdict": "GROWING",
          "score": 12,
          "op_yoy_pct": 154.4,
          "net_yoy_pct": 757.1,
          "opm_trend": 0.2,
          "is_holding_co": false,
          "quarters": [
            {
              "period": "2023Q4",
              "revenue": 1082.6,
              "op_income": 9.5,
              "net_income": -52.7,
              "opm": 0.9
            },
            {
              "period": "2024Q1",
              "revenue": 1324.5,
              "op_income": 80.5,
              "net_income": 73.9,
              "opm": 6.1
            },
            {
              "period": "2024Q2",
              "revenue": 1383.2,
              "op_income": 95.5,
              "net_income": 23.6,
              "opm": 6.9
            },
            {
              "period": "2024Q3",
              "revenue": 1411.0,
              "op_income": 25.9,
              "net_income": 8.4,
              "opm": 1.8
            },
            {
              "period": "2024Q4",
              "revenue": 1147.2,
              "op_income": 42.3,
              "net_income": 38.9,
              "opm": 3.7
            },
            {
              "period": "2025Q1",
              "revenue": 1295.0,
              "op_income": 52.1,
              "net_income": 38.5,
              "opm": 4.0
            },
            {
              "period": "2025Q2",
              "revenue": 1258.1,
              "op_income": 42.7,
              "net_income": 24.7,
              "opm": 3.4
            },
            {
              "period": "2025Q3",
              "revenue": 1447.7,
              "op_income": 65.9,
              "net_income": 72.0,
              "opm": 4.6
            }
          ],
          "detail": "YoY 개선 (+154.4%)"
        },
        "market_cap": 0,
        "news_data": null,
        "freshness_mult": 0.0,
        "v9_kill_reasons": [
          "K8:TRIX_DC(-3일차)"
        ]
      },
      {
        "ticker": "195940",
        "name": "HK이노엔",
        "grade": "B",
        "zone_score": 0.5102,
        "trigger_type": "T2_Volume_RSI",
        "confidence": 1.0,
        "entry_price": 54000,
        "stop_loss": 49734,
        "target_price": 61463,
        "risk_reward": 1.75,
        "rsi": 49.063321205459005,
        "adx": 30.678376520223573,
        "plus_di": 24.26410891122737,
        "minus_di": 26.476933321432988,
        "vol_surge": 0.5828204973943797,
        "obv_trend": "up",
        "foreign_streak": 0,
        "inst_streak": 0,
        "foreign_amount_5d": 0,
        "inst_amount_5d": 0,
        "foreign_net_5d": 1864696400.0,
        "short_balance_chg_5d": 0.0,
        "consensus": null,
        "avg_trading_value_20d": 14574448515.0,
        "pct_of_52w_high": 0.9215017064846417,
        "trix": 0.4177967247611658,
        "trix_signal": 0.4131565987103304,
        "slope_ma60": 1.935567679916872,
        "above_ma60": true,
        "above_ma120": true,
        "drawdown_from_high": -7.849829351535831,
        "vol_contraction": 0.6287255649318457,
        "per": 0.0,
        "pbr": 0.0,
        "trix_counter": 20,
        "market_signals": [
          {
            "title": "MACD 데드크로스 경고",
            "importance": "high",
            "confidence": 70
          }
        ],
        "scores": {
          "consensus": 12,
          "consensus_detail": {
            "verdict": "GROWING",
            "op_yoy": 16.4,
            "opm_trend": -0.41,
            "holding_co": false,
            "detail": "YoY 개선 (+16.4%)"
          }
        },
        "earnings_momentum": {
          "verdict": "GROWING",
          "score": 12,
          "op_yoy_pct": 16.4,
          "net_yoy_pct": 28.0,
          "opm_trend": -0.41,
          "is_holding_co": false,
          "quarters": [
            {
              "period": "2023Q4",
              "revenue": 2240.7,
              "op_income": 225.4,
              "net_income": 151.3,
              "opm": 10.1
            },
            {
              "period": "2024Q1",
              "revenue": 2126.1,
              "op_income": 172.6,
              "net_income": 104.9,
              "opm": 8.1
            },
            {
              "period": "2024Q2",
              "revenue": 2192.9,
              "op_income": 243.5,
              "net_income": 174.2,
              "opm": 11.1
            },
            {
              "period": "2024Q3",
              "revenue": 2294.7,
              "op_income": 222.3,
              "net_income": 145.0,
              "opm": 9.7
            },
            {
              "period": "2024Q4",
              "revenue": 2357.7,
              "op_income": 243.8,
              "net_income": 191.7,
              "opm": 10.3
            },
            {
              "period": "2025Q1",
              "revenue": 2473.6,
              "op_income": 253.7,
              "net_income": 174.3,
              "opm": 10.3
            },
            {
              "period": "2025Q2",
              "revenue": 2630.9,
              "op_income": 195.3,
              "net_income": 120.4,
              "opm": 7.4
            },
            {
              "period": "2025Q3",
              "revenue": 2608.2,
              "op_income": 258.7,
              "net_income": 185.6,
              "opm": 9.9
            }
          ],
          "detail": "YoY 개선 (+16.4%)"
        },
        "market_cap": 0,
        "news_data": null,
        "freshness_mult": 0.0,
        "v9_kill_reasons": [
          "K8:TRIX과열(GC+20일)"
        ]
      },
      {
        "ticker": "211050",
        "name": "인카금융서비스",
        "grade": "B",
        "zone_score": 0.5231,
        "trigger_type": "T2_Volume_RSI",
        "confidence": 1.0,
        "entry_price": 14050,
        "stop_loss": 12354,
        "target_price": 17017,
        "risk_reward": 1.75,
        "rsi": 49.3054802929547,
        "adx": 22.59774247783891,
        "plus_di": 15.953837367308065,
        "minus_di": 23.53215670496693,
        "vol_surge": 0.6179062875633429,
        "obv_trend": "down",
        "foreign_streak": 0,
        "inst_streak": 0,
        "foreign_amount_5d": 0,
        "inst_amount_5d": 0,
        "foreign_net_5d": 0.0,
        "short_balance_chg_5d": 0.0,
        "consensus": null,
        "avg_trading_value_20d": 3671924785.5,
        "pct_of_52w_high": 0.8107328332371609,
        "trix": 0.34269540814606536,
        "trix_signal": 0.3786624564533647,
        "slope_ma60": 1.1584322953941628,
        "above_ma60": true,
        "above_ma120": true,
        "drawdown_from_high": -18.926716676283906,
        "vol_contraction": 0.6919614242307109,
        "per": 0.0,
        "pbr": 0.0,
        "trix_counter": -2,
        "market_signals": [],
        "scores": {
          "consensus": 8,
          "consensus_detail": {
            "verdict": "STABLE",
            "op_yoy": -8.3,
            "opm_trend": 0.26,
            "holding_co": false,
            "detail": "흑자 유지, YoY 소폭 변동 (-8.3%)"
          }
        },
        "earnings_momentum": {
          "verdict": "STABLE",
          "score": 8,
          "op_yoy_pct": -8.3,
          "net_yoy_pct": 2.6,
          "opm_trend": 0.26,
          "is_holding_co": false,
          "quarters": [
            {
              "period": "2023Q4",
              "revenue": 1640.6,
              "op_income": 167.1,
              "net_income": 97.7,
              "opm": 10.2
            },
            {
              "period": "2024Q1",
              "revenue": 1856.5,
              "op_income": 183.9,
              "net_income": 126.8,
              "opm": 9.9
            },
            {
              "period": "2024Q2",
              "revenue": 2100.9,
              "op_income": 210.2,
              "net_income": 147.7,
              "opm": 10.0
            },
            {
              "period": "2024Q3",
              "revenue": 2347.3,
              "op_income": 284.7,
              "net_income": 208.9,
              "opm": 12.1
            },
            {
              "period": "2024Q4",
              "revenue": 2002.9,
              "op_income": 184.2,
              "net_income": 134.3,
              "opm": 9.2
            },
            {
              "period": "2025Q1",
              "revenue": 2287.4,
              "op_income": 214.2,
              "net_income": 159.8,
              "opm": 9.4
            },
            {
              "period": "2025Q2",
              "revenue": 2366.2,
              "op_income": 239.9,
              "net_income": 175.8,
              "opm": 10.1
            },
            {
              "period": "2025Q3",
              "revenue": 2664.9,
              "op_income": 261.2,
              "net_income": 214.3,
              "opm": 9.8
            }
          ],
          "detail": "흑자 유지, YoY 소폭 변동 (-8.3%)"
        },
        "market_cap": 0,
        "news_data": null,
        "freshness_mult": 0.0,
        "v9_kill_reasons": [
          "K4:유동성(37억<50억)",
          "K8:TRIX_DC(-2일차)"
        ]
      },
      {
        "ticker": "220260",
        "name": "켐트로스",
        "grade": "B",
        "zone_score": 0.6464,
        "trigger_type": "T2_Volume_RSI",
        "confidence": 1.0,
        "entry_price": 6020,
        "stop_loss": 5256,
        "target_price": 7356,
        "risk_reward": 1.75,
        "rsi": 46.20123711084181,
        "adx": 22.374059098815152,
        "plus_di": 27.058895159547294,
        "minus_di": 25.206123960346947,
        "vol_surge": 0.5331432909133945,
        "obv_trend": "up",
        "foreign_streak": 0,
        "inst_streak": 0,
        "foreign_amount_5d": 0,
        "inst_amount_5d": 0,
        "foreign_net_5d": 0.0,
        "short_balance_chg_5d": 0.0,
        "consensus": null,
        "avg_trading_value_20d": 5654265656.0,
        "pct_of_52w_high": 0.6290491118077325,
        "trix": -0.49154305759716577,
        "trix_signal": -0.5819007760366693,
        "slope_ma60": 5.736189647672885,
        "above_ma60": false,
        "above_ma120": true,
        "drawdown_from_high": -37.09508881922675,
        "vol_contraction": 1.3074330449762122,
        "per": 0.0,
        "pbr": 0.0,
        "trix_counter": 3,
        "market_signals": [],
        "scores": {
          "consensus": 0,
          "consensus_detail": {
            "verdict": "DETERIORATING",
            "op_yoy": -225.5,
            "opm_trend": -3.49,
            "holding_co": false,
            "detail": "적자 전환/지속 (-6.4억)"
          }
        },
        "earnings_momentum": {
          "verdict": "DETERIORATING",
          "score": 0,
          "op_yoy_pct": -225.5,
          "net_yoy_pct": 31.4,
          "opm_trend": -3.49,
          "is_holding_co": false,
          "quarters": [
            {
              "period": "2023Q4",
              "revenue": 109.2,
              "op_income": 19.3,
              "net_income": 4.7,
              "opm": 17.7
            },
            {
              "period": "2024Q1",
              "revenue": 146.9,
              "op_income": 21.0,
              "net_income": 22.5,
              "opm": 14.3
            },
            {
              "period": "2024Q2",
              "revenue": 117.8,
              "op_income": 6.9,
              "net_income": 8.3,
              "opm": 5.9
            },
            {
              "period": "2024Q3",
              "revenue": 117.5,
              "op_income": 5.1,
              "net_income": 3.5,
              "opm": 4.3
            },
            {
              "period": "2024Q4",
              "revenue": 120.9,
              "op_income": 4.9,
              "net_income": 17.1,
              "opm": 4.1
            },
            {
              "period": "2025Q1",
              "revenue": 122.1,
              "op_income": 2.5,
              "net_income": 4.5,
              "opm": 2.0
            },
            {
              "period": "2025Q2",
              "revenue": 147.3,
              "op_income": -8.8,
              "net_income": -22.1,
              "opm": -6.0
            },
            {
              "period": "2025Q3",
              "revenue": 130.7,
              "op_income": -6.4,
              "net_income": 4.6,
              "opm": -4.9
            }
          ],
          "detail": "적자 전환/지속 (-6.4억)"
        },
        "market_cap": 0,
        "news_data": null,
        "freshness_mult": 0.977,
        "v9_kill_reasons": [
          "K11:폭락(-37%)"
        ]
      },
      {
        "ticker": "270660",
        "name": "에브리봇",
        "grade": "B",
        "zone_score": 0.6241,
        "trigger_type": "T2_Volume_RSI",
        "confidence": 1.0,
        "entry_price": 22800,
        "stop_loss": 20113,
        "target_price": 27501,
        "risk_reward": 1.75,
        "rsi": 43.017406123498844,
        "adx": 14.909379008302626,
        "plus_di": 21.697255845020997,
        "minus_di": 29.18931548837317,
        "vol_surge": 0.7053369821178143,
        "obv_trend": "down",
        "foreign_streak": 0,
        "inst_streak": 0,
        "foreign_amount_5d": 0,
        "inst_amount_5d": 0,
        "foreign_net_5d": 0.0,
        "short_balance_chg_5d": 0.0,
        "consensus": null,
        "avg_trading_value_20d": 5939497690.0,
        "pct_of_52w_high": 0.7147335423197492,
        "trix": -0.10645070853056993,
        "trix_signal": 0.19296377576646118,
        "slope_ma60": 4.227576525162502,
        "above_ma60": true,
        "above_ma120": true,
        "drawdown_from_high": -28.526645768025084,
        "vol_contraction": 0.5134715163049408,
        "per": 0.0,
        "pbr": 0.0,
        "trix_counter": -13,
        "market_signals": [],
        "scores": {
          "consensus": 3,
          "consensus_detail": {
            "verdict": "DETERIORATING",
            "op_yoy": -288.2,
            "opm_trend": 7.4,
            "holding_co": false,
            "detail": "적자 전환/지속 (-3.2억)"
          }
        },
        "earnings_momentum": {
          "verdict": "DETERIORATING",
          "score": 3,
          "op_yoy_pct": -288.2,
          "net_yoy_pct": 18.2,
          "opm_trend": 7.4,
          "is_holding_co": false,
          "quarters": [
            {
              "period": "2023Q4",
              "revenue": 70.2,
              "op_income": -2.1,
              "net_income": 2.3,
              "opm": -3.0
            },
            {
              "period": "2024Q1",
              "revenue": 66.5,
              "op_income": -7.8,
              "net_income": -6.2,
              "opm": -11.7
            },
            {
              "period": "2024Q2",
              "revenue": 89.8,
              "op_income": -4.1,
              "net_income": 7.5,
              "opm": -4.6
            },
            {
              "period": "2024Q3",
              "revenue": 72.3,
              "op_income": -1.7,
              "net_income": 2.2,
              "opm": -2.4
            },
            {
              "period": "2024Q4",
              "revenue": 68.6,
              "op_income": -7.5,
              "net_income": 4.2,
              "opm": -10.9
            },
            {
              "period": "2025Q1",
              "revenue": 38.8,
              "op_income": -19.5,
              "net_income": -3.6,
              "opm": -50.3
            },
            {
              "period": "2025Q2",
              "revenue": 81.3,
              "op_income": 2.1,
              "net_income": -27.4,
              "opm": 2.6
            },
            {
              "period": "2025Q3",
              "revenue": 82.5,
              "op_income": -3.2,
              "net_income": 2.6,
              "opm": -3.9
            }
          ],
          "detail": "적자 전환/지속 (-3.2억)"
        },
        "market_cap": 0,
        "news_data": null,
        "freshness_mult": 0.0,
        "v9_kill_reasons": [
          "K8:TRIX_DC(-13일차)",
          "K11:폭락(-29%)"
        ]
      },
      {
        "ticker": "295310",
        "name": "에이치브이엠",
        "grade": "B",
        "zone_score": 0.5366,
        "trigger_type": "T2_Volume_RSI",
        "confidence": 1.0,
        "entry_price": 75000,
        "stop_loss": 62036,
        "target_price": 97686,
        "risk_reward": 1.75,
        "rsi": 44.60442068952839,
        "adx": 26.706540075604913,
        "plus_di": 11.022065207824488,
        "minus_di": 23.3434745042311,
        "vol_surge": 0.47973815906495015,
        "obv_trend": "up",
        "foreign_streak": 0,
        "inst_streak": 0,
        "foreign_amount_5d": 0,
        "inst_amount_5d": 0,
        "foreign_net_5d": 0.0,
        "short_balance_chg_5d": 0.0,
        "consensus": null,
        "avg_trading_value_20d": 36715302530.0,
        "pct_of_52w_high": 0.7708119218910586,
        "trix": 0.169832687090965,
        "trix_signal": 0.700974309101804,
        "slope_ma60": 17.8836172123537,
        "above_ma60": true,
        "above_ma120": true,
        "drawdown_from_high": -22.918807810894137,
        "vol_contraction": 0.4864110669512438,
        "per": 0.0,
        "pbr": 0.0,
        "trix_counter": -29,
        "market_signals": [],
        "scores": {
          "consensus": 3,
          "consensus_detail": {
            "verdict": "DETERIORATING",
            "op_yoy": -131.2,
            "opm_trend": 12.03,
            "holding_co": false,
            "detail": "적자 전환/지속 (-3.0억)"
          }
        },
        "earnings_momentum": {
          "verdict": "DETERIORATING",
          "score": 3,
          "op_yoy_pct": -131.2,
          "net_yoy_pct": -587.5,
          "opm_trend": 12.03,
          "is_holding_co": false,
          "quarters": [
            {
              "period": "2024Q2",
              "revenue": 155.4,
              "op_income": -0.3,
              "net_income": -1.4,
              "opm": -0.2
            },
            {
              "period": "2024Q3",
              "revenue": 91.4,
              "op_income": 9.6,
              "net_income": 1.6,
              "opm": 10.5
            },
            {
              "period": "2024Q4",
              "revenue": 204.6,
              "op_income": -77.2,
              "net_income": -84.1,
              "opm": -37.7
            },
            {
              "period": "2025Q1",
              "revenue": 129.7,
              "op_income": 11.3,
              "net_income": 5.9,
              "opm": 8.7
            },
            {
              "period": "2025Q2",
              "revenue": 167.3,
              "op_income": 37.7,
              "net_income": 29.9,
              "opm": 22.5
            },
            {
              "period": "2025Q3",
              "revenue": 134.0,
              "op_income": -3.0,
              "net_income": -7.8,
              "opm": -2.2
            }
          ],
          "detail": "적자 전환/지속 (-3.0억)"
        },
        "market_cap": 0,
        "news_data": null,
        "freshness_mult": 0.0,
        "v9_kill_reasons": [
          "K8:TRIX_DC(-29일차)",
          "K11:폭락(-23%)"
        ]
      },
      {
        "ticker": "348340",
        "name": "뉴로메카",
        "grade": "B",
        "zone_score": 0.5112,
        "trigger_type": "T2_Volume_RSI",
        "confidence": 1.0,
        "entry_price": 81700,
        "stop_loss": 64642,
        "target_price": 111550,
        "risk_reward": 1.75,
        "rsi": 51.281947250524084,
        "adx": 18.194927236853623,
        "plus_di": 32.90115992527923,
        "minus_di": 23.337493015507768,
        "vol_surge": 0.8628564649243501,
        "obv_trend": "up",
        "foreign_streak": 0,
        "inst_streak": 0,
        "foreign_amount_5d": 0,
        "inst_amount_5d": 0,
        "foreign_net_5d": 0.0,
        "short_balance_chg_5d": 0.0,
        "consensus": null,
        "avg_trading_value_20d": 87674568160.0,
        "pct_of_52w_high": 0.5877697841726619,
        "trix": 0.2893249309705803,
        "trix_signal": 1.126562028720915,
        "slope_ma60": 17.54707197718508,
        "above_ma60": true,
        "above_ma120": true,
        "drawdown_from_high": -41.22302158273381,
        "vol_contraction": 0.7315585731808102,
        "per": 0.0,
        "pbr": 0.0,
        "trix_counter": -17,
        "market_signals": [],
        "scores": {
          "consensus": 0,
          "consensus_detail": {
            "verdict": "DETERIORATING",
            "op_yoy": -167.6,
            "opm_trend": -9.78,
            "holding_co": false,
            "detail": "적자 전환/지속 (-39.0억)"
          }
        },
        "earnings_momentum": {
          "verdict": "DETERIORATING",
          "score": 0,
          "op_yoy_pct": -167.6,
          "net_yoy_pct": -173.3,
          "opm_trend": -9.78,
          "is_holding_co": false,
          "quarters": [
            {
              "period": "2023Q4",
              "revenue": 66.0,
              "op_income": -62.2,
              "net_income": -90.9,
              "opm": -94.2
            },
            {
              "period": "2024Q1",
              "revenue": 36.3,
              "op_income": -53.5,
              "net_income": -58.3,
              "opm": -147.4
            },
            {
              "period": "2024Q2",
              "revenue": 74.9,
              "op_income": -42.9,
              "net_income": -1.5,
              "opm": -57.3
            },
            {
              "period": "2024Q3",
              "revenue": 62.7,
              "op_income": -57.7,
              "net_income": -68.5,
              "opm": -92.0
            },
            {
              "period": "2024Q4",
              "revenue": 78.3,
              "op_income": -37.8,
              "net_income": -40.9,
              "opm": -48.3
            },
            {
              "period": "2025Q1",
              "revenue": 30.4,
              "op_income": -37.7,
              "net_income": -69.1,
              "opm": -124.0
            },
            {
              "period": "2025Q2",
              "revenue": 28.0,
              "op_income": -40.6,
              "net_income": -43.7,
              "opm": -145.0
            },
            {
              "period": "2025Q3",
              "revenue": 52.8,
              "op_income": -39.0,
              "net_income": -50.2,
              "opm": -73.9
            }
          ],
          "detail": "적자 전환/지속 (-39.0억)"
        },
        "market_cap": 0,
        "news_data": null,
        "freshness_mult": 0.0,
        "v9_kill_reasons": [
          "K8:TRIX_DC(-17일차)",
          "K11:폭락(-41%)"
        ]
      },
      {
        "ticker": "357550",
        "name": "석경에이티",
        "grade": "B",
        "zone_score": 0.5209,
        "trigger_type": "T2_Volume_RSI",
        "confidence": 1.0,
        "entry_price": 58000,
        "stop_loss": 51873,
        "target_price": 68720,
        "risk_reward": 1.75,
        "rsi": 47.81290933666931,
        "adx": 23.417070934151457,
        "plus_di": 23.014724048728194,
        "minus_di": 19.871781090832023,
        "vol_surge": 0.8381741109977234,
        "obv_trend": "down",
        "foreign_streak": 0,
        "inst_streak": 0,
        "foreign_amount_5d": 0,
        "inst_amount_5d": 0,
        "foreign_net_5d": 282368750.0,
        "short_balance_chg_5d": 0.0,
        "consensus": null,
        "avg_trading_value_20d": 1186956325.0,
        "pct_of_52w_high": 0.7702523240371846,
        "trix": -0.188018620154351,
        "trix_signal": -0.2621249160181087,
        "slope_ma60": 2.5901557424835575,
        "above_ma60": false,
        "above_ma120": true,
        "drawdown_from_high": -22.97476759628154,
        "vol_contraction": 0.7755514561582542,
        "per": 72.86,
        "pbr": 7.909999847412109,
        "trix_counter": 11,
        "market_signals": [],
        "scores": {
          "consensus": 3,
          "consensus_detail": {
            "verdict": "UNCERTAIN",
            "op_yoy": -68.6,
            "opm_trend": -1.04,
            "holding_co": false,
            "detail": "판정 불충분 (YoY=-68.59504132231405)"
          }
        },
        "earnings_momentum": {
          "verdict": "UNCERTAIN",
          "score": 3,
          "op_yoy_pct": -68.6,
          "net_yoy_pct": 1.2,
          "opm_trend": -1.04,
          "is_holding_co": false,
          "quarters": [
            {
              "period": "2023Q4",
              "revenue": 29.7,
              "op_income": 9.9,
              "net_income": 8.9,
              "opm": 33.3
            },
            {
              "period": "2024Q1",
              "revenue": 25.4,
              "op_income": -0.8,
              "net_income": 2.5,
              "opm": -3.1
            },
            {
              "period": "2024Q2",
              "revenue": 31.3,
              "op_income": 4.0,
              "net_income": 14.2,
              "opm": 12.8
            },
            {
              "period": "2024Q3",
              "revenue": 41.0,
              "op_income": 12.1,
              "net_income": 8.4,
              "opm": 29.5
            },
            {
              "period": "2024Q4",
              "revenue": 39.3,
              "op_income": 3.8,
              "net_income": 17.5,
              "opm": 9.7
            },
            {
              "period": "2025Q1",
              "revenue": 49.2,
              "op_income": 20.4,
              "net_income": 17.1,
              "opm": 41.5
            },
            {
              "period": "2025Q2",
              "revenue": 50.3,
              "op_income": 13.3,
              "net_income": 0.0,
              "opm": 26.4
            },
            {
              "period": "2025Q3",
              "revenue": 33.9,
              "op_income": 3.8,
              "net_income": 8.5,
              "opm": 11.2
            }
          ],
          "detail": "판정 불충분 (YoY=-68.59504132231405)"
        },
        "market_cap": 0,
        "news_data": null,
        "freshness_mult": 0.7,
        "v9_kill_reasons": [
          "K4:유동성(12억<50억)",
          "K11:폭락(-23%)"
        ]
      },
      {
        "ticker": "394800",
        "name": "쓰리빌리언",
        "grade": "B",
        "zone_score": 0.5837,
        "trigger_type": "T2_Volume_RSI",
        "confidence": 0.78,
        "entry_price": 14450,
        "stop_loss": 12505,
        "target_price": 17853,
        "risk_reward": 1.75,
        "rsi": 48.355711214070574,
        "adx": 25.21974215251663,
        "plus_di": 27.413564553698112,
        "minus_di": 15.91701203368748,
        "vol_surge": 0.3538855043048972,
        "obv_trend": "up",
        "foreign_streak": 0,
        "inst_streak": 0,
        "foreign_amount_5d": 0,
        "inst_amount_5d": 0,
        "foreign_net_5d": 0.0,
        "short_balance_chg_5d": 0.0,
        "consensus": null,
        "avg_trading_value_20d": 6958272016.0,
        "pct_of_52w_high": 0.7189054726368159,
        "trix": -0.3170088831136897,
        "trix_signal": -0.4152178313669795,
        "slope_ma60": 3.4874863381945342,
        "above_ma60": false,
        "above_ma120": true,
        "drawdown_from_high": -28.109452736318406,
        "vol_contraction": 0.7498284648407983,
        "per": 0.0,
        "pbr": 0.0,
        "trix_counter": 4,
        "market_signals": [],
        "scores": {
          "consensus": 0,
          "consensus_detail": {
            "verdict": "NO_DATA",
            "op_yoy": null,
            "opm_trend": null,
            "holding_co": false,
            "detail": "DART 분기 데이터 없음"
          }
        },
        "earnings_momentum": {
          "verdict": "NO_DATA",
          "score": 0,
          "op_yoy_pct": null,
          "net_yoy_pct": null,
          "opm_trend": null,
          "is_holding_co": false,
          "quarters": [],
          "detail": "DART 분기 데이터 없음"
        },
        "market_cap": 0,
        "news_data": null,
        "freshness_mult": 1.0,
        "v9_kill_reasons": [
          "K11:폭락(-28%)"
        ]
      },
      {
        "ticker": "417010",
        "name": "나노팀",
        "grade": "B",
        "zone_score": 0.578,
        "trigger_type": "T2_Volume_RSI",
        "confidence": 0.563,
        "entry_price": 11310,
        "stop_loss": 8288,
        "target_price": 16598,
        "risk_reward": 1.75,
        "rsi": 51.93712945401206,
        "adx": 30.276214042070517,
        "plus_di": 18.820066284752723,
        "minus_di": 16.920464807630857,
        "vol_surge": 0.22613561610937277,
        "obv_trend": "up",
        "foreign_streak": 0,
        "inst_streak": 0,
        "foreign_amount_5d": 0,
        "inst_amount_5d": 0,
        "foreign_net_5d": 0.0,
        "short_balance_chg_5d": 0.0,
        "consensus": null,
        "avg_trading_value_20d": 34074731994.5,
        "pct_of_52w_high": 0.741639344262295,
        "trix": 1.4884015859226718,
        "trix_signal": 2.0407414944134032,
        "slope_ma60": 18.031624229740718,
        "above_ma60": true,
        "above_ma120": true,
        "drawdown_from_high": -25.836065573770494,
        "vol_contraction": 0.5803553611475601,
        "per": 0.0,
        "pbr": 0.0,
        "trix_counter": -5,
        "market_signals": [],
        "scores": {
          "consensus": 5,
          "consensus_detail": {
            "verdict": "DECELERATING",
            "op_yoy": -16.1,
            "opm_trend": 4.06,
            "holding_co": false,
            "detail": "2분기 연속 YoY 악화 (-16.1%)"
          }
        },
        "earnings_momentum": {
          "verdict": "DECELERATING",
          "score": 5,
          "op_yoy_pct": -16.1,
          "net_yoy_pct": 23.4,
          "opm_trend": 4.06,
          "is_holding_co": false,
          "quarters": [
            {
              "period": "2023Q2",
              "revenue": 132.0,
              "op_income": 18.4,
              "net_income": 16.1,
              "opm": 13.9
            },
            {
              "period": "2023Q3",
              "revenue": 105.7,
              "op_income": 7.8,
              "net_income": 7.0,
              "opm": 7.4
            },
            {
              "period": "2023Q4",
              "revenue": 111.4,
              "op_income": 14.0,
              "net_income": 13.7,
              "opm": 12.6
            },
            {
              "period": "2024Q1",
              "revenue": 104.1,
              "op_income": 6.2,
              "net_income": 4.7,
              "opm": 6.0
            },
            {
              "period": "2024Q2",
              "revenue": 88.8,
              "op_income": -2.8,
              "net_income": -2.9,
              "opm": -3.2
            },
            {
              "period": "2024Q3",
              "revenue": 70.3,
              "op_income": -10.8,
              "net_income": -15.1,
              "opm": -15.4
            },
            {
              "period": "2025Q2",
              "revenue": 107.9,
              "op_income": 3.0,
              "net_income": 2.4,
              "opm": 2.8
            },
            {
              "period": "2025Q3",
              "revenue": 119.6,
              "op_income": 5.2,
              "net_income": 5.8,
              "opm": 4.3
            }
          ],
          "detail": "2분기 연속 YoY 악화 (-16.1%)"
        },
        "market_cap": 0,
        "news_data": null,
        "freshness_mult": 0.0,
        "v9_kill_reasons": [
          "K8:TRIX_DC(-5일차)",
          "K11:폭락(-26%)"
        ]
      },
      {
        "ticker": "452430",
        "name": "사피엔반도체",
        "grade": "B",
        "zone_score": 0.6317,
        "trigger_type": "T2_Volume_RSI",
        "confidence": 1.0,
        "entry_price": 34150,
        "stop_loss": 30308,
        "target_price": 40872,
        "risk_reward": 1.75,
        "rsi": 44.70936843121225,
        "adx": 25.06465354209705,
        "plus_di": 16.157267565307812,
        "minus_di": 26.079144971481007,
        "vol_surge": 1.0318716901454033,
        "obv_trend": "down",
        "foreign_streak": 0,
        "inst_streak": 0,
        "foreign_amount_5d": 0,
        "inst_amount_5d": 0,
        "foreign_net_5d": 0.0,
        "short_balance_chg_5d": 0.0,
        "consensus": null,
        "avg_trading_value_20d": 3033590425.0,
        "pct_of_52w_high": 0.8442521631644005,
        "trix": -0.09266453220684312,
        "trix_signal": 0.10241396487978109,
        "slope_ma60": 4.123941150245214,
        "above_ma60": false,
        "above_ma120": true,
        "drawdown_from_high": -15.574783683559945,
        "vol_contraction": 1.0663146331827789,
        "per": 0.0,
        "pbr": 0.0,
        "trix_counter": -9,
        "market_signals": [],
        "scores": {
          "consensus": 0,
          "consensus_detail": {
            "verdict": "DETERIORATING",
            "op_yoy": -281.7,
            "opm_trend": -15.93,
            "holding_co": false,
            "detail": "적자 전환/지속 (-12.9억)"
          }
        },
        "earnings_momentum": {
          "verdict": "DETERIORATING",
          "score": 0,
          "op_yoy_pct": -281.7,
          "net_yoy_pct": -204.8,
          "opm_trend": -15.93,
          "is_holding_co": false,
          "quarters": [
            {
              "period": "2023Q4",
              "revenue": 32.1,
              "op_income": -69.2,
              "net_income": -131.1,
              "opm": -215.6
            },
            {
              "period": "2024Q1",
              "revenue": 0.8,
              "op_income": -32.6,
              "net_income": -163.7,
              "opm": 0.0
            },
            {
              "period": "2024Q2",
              "revenue": 1.7,
              "op_income": -14.7,
              "net_income": -16.0,
              "opm": 0.0
            },
            {
              "period": "2024Q3",
              "revenue": 10.5,
              "op_income": -7.1,
              "net_income": -8.3,
              "opm": -67.6
            },
            {
              "period": "2024Q4",
              "revenue": 66.9,
              "op_income": 19.9,
              "net_income": 17.2,
              "opm": 29.7
            },
            {
              "period": "2025Q1",
              "revenue": 16.5,
              "op_income": -16.0,
              "net_income": -17.0,
              "opm": -97.0
            },
            {
              "period": "2025Q2",
              "revenue": 20.2,
              "op_income": -16.9,
              "net_income": -22.5,
              "opm": -83.7
            },
            {
              "period": "2025Q3",
              "revenue": 46.4,
              "op_income": -12.9,
              "net_income": -8.7,
              "opm": -27.8
            }
          ],
          "detail": "적자 전환/지속 (-12.9억)"
        },
        "market_cap": 0,
        "news_data": null,
        "freshness_mult": 0.0,
        "v9_kill_reasons": [
          "K4:유동성(30억<50억)",
          "K8:TRIX_DC(-9일차)"
        ]
      },
      {
        "ticker": "455900",
        "name": "엔젤로보틱스",
        "grade": "B",
        "zone_score": 0.6439,
        "trigger_type": "T2_Volume_RSI",
        "confidence": 1.0,
        "entry_price": 34450,
        "stop_loss": 31086,
        "target_price": 40335,
        "risk_reward": 1.75,
        "rsi": 48.6255758865038,
        "adx": 19.297237498592533,
        "plus_di": 23.979447999831397,
        "minus_di": 29.078673495957585,
        "vol_surge": 0.60575766642006,
        "obv_trend": "up",
        "foreign_streak": 0,
        "inst_streak": 0,
        "foreign_amount_5d": 0,
        "inst_amount_5d": 0,
        "foreign_net_5d": 0.0,
        "short_balance_chg_5d": 0.0,
        "consensus": null,
        "avg_trading_value_20d": 6940521535.0,
        "pct_of_52w_high": 0.7838452787258248,
        "trix": -0.05211206163960869,
        "trix_signal": 0.11393920114840207,
        "slope_ma60": 3.4331553560834616,
        "above_ma60": true,
        "above_ma120": true,
        "drawdown_from_high": -21.615472127417522,
        "vol_contraction": 0.7904194218129752,
        "per": 0.0,
        "pbr": 0.0,
        "trix_counter": -14,
        "market_signals": [],
        "scores": {
          "consensus": 3,
          "consensus_detail": {
            "verdict": "DETERIORATING",
            "op_yoy": -218.8,
            "opm_trend": 8.64,
            "holding_co": false,
            "detail": "적자 전환/지속 (-28.4억)"
          }
        },
        "earnings_momentum": {
          "verdict": "DETERIORATING",
          "score": 3,
          "op_yoy_pct": -218.8,
          "net_yoy_pct": -223.5,
          "opm_trend": 8.64,
          "is_holding_co": false,
          "quarters": [
            {
              "period": "2023Q4",
              "revenue": 51.5,
              "op_income": -65.0,
              "net_income": -92.4,
              "opm": -126.2
            },
            {
              "period": "2024Q1",
              "revenue": 10.3,
              "op_income": -22.9,
              "net_income": -22.2,
              "opm": -222.3
            },
            {
              "period": "2024Q2",
              "revenue": 13.9,
              "op_income": -26.2,
              "net_income": -22.7,
              "opm": -188.5
            },
            {
              "period": "2024Q3",
              "revenue": 9.5,
              "op_income": -23.9,
              "net_income": -21.7,
              "opm": 0.0
            },
            {
              "period": "2024Q4",
              "revenue": 8.4,
              "op_income": -35.4,
              "net_income": -33.5,
              "opm": 0.0
            },
            {
              "period": "2025Q1",
              "revenue": 10.7,
              "op_income": -24.9,
              "net_income": -24.3,
              "opm": -232.7
            },
            {
              "period": "2025Q2",
              "revenue": 14.9,
              "op_income": -21.8,
              "net_income": -19.7,
              "opm": -146.3
            },
            {
              "period": "2025Q3",
              "revenue": 8.1,
              "op_income": -28.4,
              "net_income": -26.8,
              "opm": 0.0
            }
          ],
          "detail": "적자 전환/지속 (-28.4억)"
        },
        "market_cap": 0,
        "news_data": null,
        "freshness_mult": 0.0,
        "v9_kill_reasons": [
          "K8:TRIX_DC(-14일차)",
          "K11:폭락(-22%)"
        ]
      },
      {
        "ticker": "475400",
        "name": "씨메스",
        "grade": "B",
        "zone_score": 0.6581,
        "trigger_type": "T2_Volume_RSI",
        "confidence": 1.0,
        "entry_price": 36700,
        "stop_loss": 32055,
        "target_price": 44827,
        "risk_reward": 1.75,
        "rsi": 47.173659381350475,
        "adx": 20.950219776324854,
        "plus_di": 27.336080664325838,
        "minus_di": 34.62688226411769,
        "vol_surge": 0.6196063857250287,
        "obv_trend": "down",
        "foreign_streak": 0,
        "inst_streak": 0,
        "foreign_amount_5d": 0,
        "inst_amount_5d": 0,
        "foreign_net_5d": 0.0,
        "short_balance_chg_5d": 0.0,
        "consensus": null,
        "avg_trading_value_20d": 7982678405.0,
        "pct_of_52w_high": 0.7816826411075612,
        "trix": -0.1524181468592123,
        "trix_signal": 0.10902647718995359,
        "slope_ma60": 3.896473265073941,
        "above_ma60": true,
        "above_ma120": true,
        "drawdown_from_high": -21.831735889243873,
        "vol_contraction": 0.7620268603518608,
        "per": 0.0,
        "pbr": 0.0,
        "trix_counter": -12,
        "market_signals": [],
        "scores": {
          "consensus": 0,
          "consensus_detail": {
            "verdict": "NO_DATA",
            "op_yoy": null,
            "opm_trend": null,
            "holding_co": false,
            "detail": "DART 분기 데이터 없음"
          }
        },
        "earnings_momentum": {
          "verdict": "NO_DATA",
          "score": 0,
          "op_yoy_pct": null,
          "net_yoy_pct": null,
          "opm_trend": null,
          "is_holding_co": false,
          "quarters": [],
          "detail": "DART 분기 데이터 없음"
        },
        "market_cap": 0,
        "news_data": null,
        "freshness_mult": 0.0,
        "v9_kill_reasons": [
          "K8:TRIX_DC(-12일차)",
          "K11:폭락(-22%)"
        ]
      },
      {
        "ticker": "484810",
        "name": "티엑스알로보틱스",
        "grade": "B",
        "zone_score": 0.6468,
        "trigger_type": "T2_Volume_RSI",
        "confidence": 0.983,
        "entry_price": 18910,
        "stop_loss": 16427,
        "target_price": 23254,
        "risk_reward": 1.75,
        "rsi": 48.2924692403928,
        "adx": 20.903703305106326,
        "plus_di": 33.187237975977595,
        "minus_di": 22.779778431045337,
        "vol_surge": 0.41483532300505066,
        "obv_trend": "up",
        "foreign_streak": 0,
        "inst_streak": 0,
        "foreign_amount_5d": 0,
        "inst_amount_5d": 0,
        "foreign_net_5d": 0.0,
        "short_balance_chg_5d": 0.0,
        "consensus": null,
        "avg_trading_value_20d": 4775605096.0,
        "pct_of_52w_high": 0.6965009208103131,
        "trix": -0.06655951137755078,
        "trix_signal": 0.19521796950775866,
        "slope_ma60": 5.264558346719772,
        "above_ma60": true,
        "above_ma120": true,
        "drawdown_from_high": -30.34990791896869,
        "vol_contraction": 0.9561550967504102,
        "per": 0.0,
        "pbr": 0.0,
        "trix_counter": -15,
        "market_signals": [],
        "scores": {
          "consensus": 0,
          "consensus_detail": {
            "verdict": "NO_DATA",
            "op_yoy": null,
            "opm_trend": null,
            "holding_co": false,
            "detail": "DART 분기 데이터 없음"
          }
        },
        "earnings_momentum": {
          "verdict": "NO_DATA",
          "score": 0,
          "op_yoy_pct": null,
          "net_yoy_pct": null,
          "opm_trend": null,
          "is_holding_co": false,
          "quarters": [],
          "detail": "DART 분기 데이터 없음"
        },
        "market_cap": 0,
        "news_data": null,
        "freshness_mult": 0.0,
        "v9_kill_reasons": [
          "K4:유동성(48억<50억)",
          "K8:TRIX_DC(-15일차)",
          "K11:폭락(-30%)"
        ]
      },
      {
        "ticker": "499790",
        "name": "GS피앤엘",
        "grade": "B",
        "zone_score": 0.5099,
        "trigger_type": "T2_Volume_RSI",
        "confidence": 1.0,
        "entry_price": 51300,
        "stop_loss": 43332,
        "target_price": 65243,
        "risk_reward": 1.75,
        "rsi": 44.40632096945417,
        "adx": 39.9807833108022,
        "plus_di": 14.91214858585956,
        "minus_di": 30.12227755102394,
        "vol_surge": 0.8384342355329952,
        "obv_trend": "up",
        "foreign_streak": 0,
        "inst_streak": 0,
        "foreign_amount_5d": 0,
        "inst_amount_5d": 0,
        "foreign_net_5d": 0.0,
        "short_balance_chg_5d": 0.0,
        "consensus": null,
        "avg_trading_value_20d": 16943111390.0,
        "pct_of_52w_high": 0.7656716417910447,
        "trix": 1.09467170433577,
        "trix_signal": 1.3084849957560678,
        "slope_ma60": 3.609251585024631,
        "above_ma60": true,
        "above_ma120": true,
        "drawdown_from_high": -23.432835820895527,
        "vol_contraction": 0.6886990087690681,
        "per": 0.0,
        "pbr": 0.0,
        "trix_counter": -2,
        "market_signals": [],
        "scores": {
          "consensus": 0,
          "consensus_detail": {
            "verdict": "NO_DATA",
            "op_yoy": null,
            "opm_trend": null,
            "holding_co": false,
            "detail": "DART 분기 데이터 없음"
          }
        },
        "earnings_momentum": {
          "verdict": "NO_DATA",
          "score": 0,
          "op_yoy_pct": null,
          "net_yoy_pct": null,
          "opm_trend": null,
          "is_holding_co": false,
          "quarters": [],
          "detail": "DART 분기 데이터 없음"
        },
        "market_cap": 0,
        "news_data": null,
        "freshness_mult": 0.0,
        "v9_kill_reasons": [
          "K8:TRIX_DC(-2일차)",
          "K11:폭락(-23%)"
        ]
      }
    ],
    "news_sec": 0,
    "dart_catalyst_count": 0,
    "available_slots": 5,
    "daily_entries_left": 2,
    "held_count": 0,
    "capital": 100000000,
    "elapsed_sec": 104.4
  },
  "cached_at": "2026-02-27 21:46"
}